02RETORNO01COBRANCA       2643103361110000177                               748BANSICREDI     20170801        0000210                                                                                                                                                                                                                                                                                 1.00000001
1            A39KEJ000002                      172309323                                                    063107170000030932090303              3107170000000138690         K000000000000000000000000000000000000000000000000000000000000000000000000000000000000013869000000000000000000000000000                          000000000020170801                                                          000002
1            A38RD3000002                      172033379                                                    063107170000003337090325              3107170000000078323         K000000000000000000000000000000000000000000000000000000000000000000000000000000000000007832300000000000000000000000000                          000000000020170801                                                          000003
1            A39K0P000002                      172004778                                                    063107170000000477COMPE               3107170000000063848         K000000000000000000000000000000000000000000000000000000000000000000000000000000000000006384800000000000000000000000000                          H50000000020170801                                                          000004
1            A39K0S000002                      172005103                                                    063107170000000510COMPE               3107170000000015000         K000000000000000000000000000000000000000000000000000000000000000000000000000000000000001500000000000000000000000000000                          H50000000020170801                                                          000005
1            A39K0T000002                      172005219                                                    063107170000000521COMPE               3107170000000045530         K000000000000000000000000000000000000000000000000000000000000000000000000000000000000004553000000000000000000000000000                          H50000000020170801                                                          000006
1            A39K15000002                      172006533                                                    063107170000000653COMPE               3107170000000063848         K000000000000000000000000000000000000000000000000000000000000000000000000000000000000006384800000000000000000000000000                          H50000000020170801                                                          000007
1            A39K1E000002                      172007963                                                    063107170000000796COMPE               3107170000000063848         K000000000000000000000000000000000000000000000000000000000000000000000000000000000000006384800000000000000000000000000                          H50000000020170801                                                          000008
1            A39K1O000002                      172009176                                                    063107170000000917COMPE               3107170000000015000         K000000000000000000000000000000000000000000000000000000000000000000000000000000000000001500000000000000000000000000000                          H50000000020170801                                                          000009
1            A39K1U000002                      172009834                                                    063107170000000983COMPE               3107170000000015000         K000000000000000000000000000000000000000000000000000000000000000000000000000000000000001500000000000000000000000000000                          H50000000020170801                                                          000010
1            A39K20000002                      172010719                                                    063107170000001071COMPE               3107170000000063848         K000000000000000000000000000000000000000000000000000000000000000000000000000000000000006384800000000000000000000000000                          H50000000020170801                                                          000011
1            A39K2G000002                      172012916                                                    063107170000001291COMPE               3107170000000063848         K000000000000000000000000000000000000000000000000000000000000000000000000000000000000006140000000000000000000000000000                          H50000000020170801                                                          000012
1            A39K2I000002                      172013130                                                    063107170000001313COMPE               3107170000000063848         K000000000000000000000000000000000000000000000000000000000000000000000000000000000000006384800000000000000000000000000                          H50000000020170801                                                          000013
1            A39K2K000002                      172013467                                                    063107170000001346COMPE               3107170000000076060         K000000000000000000000000000000000000000000000000000000000000000000000000000000000000007606000000000000000000000000000                          H50000000020170801                                                          000014
1            A39K2Z000002                      172015338                                                    063107170000001533COMPE               3107170000000057742         K000000000000000000000000000000000000000000000000000000000000000000000000000000000000005774200000000000000000000000000                          H50000000020170801                                                          000015
1            A39K34000002                      172016105                                                    063107170000001610COMPE               3107170000000063848         K000000000000000000000000000000000000000000000000000000000000000000000000000000000000006384800000000000000000000000000                          H50000000020170801                                                          000016
1            A38R9N000002                      172017977                                                    063107170000001797COMPE               3107170000000076060         K000000000000000000000000000000000000000000000000000000000000000000000000000000000000007300000000000000000000000000000                          H50000000020170801                                                          000017
1            A39K3H000001                      172018086                                                    063107170000001808COMPE               3107170000000063848         K000000000000000000000000000000000000000000000000000000000000000000000000000000000000006384800000000000000000000000000                          H50000000020170801                                                          000018
1            A39K34000002                      172019732                                                    063107170000001973COMPE               3107170000000063848         K000000000000000000000000000000000000000000000000000000000000000000000000000000000000006384800000000000000000000000000                          H50000000020170801                                                          000019
1            A38R9U000002                      172019953                                                    063107170000001995COMPE               3107170000000063848         K000000000000000000000000000000000000000000000000000000000000000000000000000000000000006384800000000000000000000000000                          H50000000020170801                                                          000020
1            A39K4A000002                      172024906                                                    063107170000002490COMPE               3107170000000057742         K000000000000000000000000000000000000000000000000000000000000000000000000000000000000005774200000000000000000000000000                          H50000000020170801                                                          000021
1            A38RSQ000002                      172025783                                                    063107170000002578COMPE               3107170000000015000         K000000000000000000000000000000000000000000000000000000000000000000000000000000000000001500000000000000000000000000000                          H50000000020170801                                                          000022
1            A38RSW000001                      172026550                                                    063107170000002655COMPE               3107170000000015000         K000000000000000000000000000000000000000000000000000000000000000000000000000000000000001500000000000000000000000000000                          H50000000020170801                                                          000023
1            A39K4D000002                      172027212                                                    063107170000002721COMPE               3107170000000015000         K000000000000000000000000000000000000000000000000000000000000000000000000000000000000001500000000000000000000000000000                          H50000000020170801                                                          000024
1            A39K4I000002                      172028979                                                    063107170000002897COMPE               3107170000000068295         K000000000000000000000000000000000000000000000000000000000000000000000000000000000000006829500000000000000000000000000                          H50000000020170801                                                          000025
1            A39K4K000001                      172029193                                                    063107170000002919COMPE               3107170000000041555         K000000000000000000000000000000000000000000000000000000000000000000000000000000000000004155500000000000000000000000000                          H50000000020170801                                                          000026
1            A38RBO000002                      172030400                                                    063107170000003040COMPE               3107170000000054925         K000000000000000000000000000000000000000000000000000000000000000000000000000000000000005492500000000000000000000000000                          H50000000020170801                                                          000027
1            A38RTG000002                      172030841                                                    063107170000003084COMPE               3107170000000021500         K000000000000000000000000000000000000000000000000000000000000000000000000000000000000002150000000000000000000000000000                          H50000000020170801                                                          000028
1            A39K4N000002                      172030957                                                    063107170000003095COMPE               3107170000000021500         K000000000000000000000000000000000000000000000000000000000000000000000000000000000000002150000000000000000000000000000                          H50000000020170801                                                          000029
1            A38RMI000002                      172031945                                                    063107170000003194COMPE               3107170000000074980         K000000000000000000000000000000000000000000000000000000000000000000000000000000000000007498000000000000000000000000000                          H50000000020170801                                                          000030
1            A38RMG000001                      172032275                                                    063107170000003227COMPE               3107170000000054925         K000000000000000000000000000000000000000000000000000000000000000000000000000000000000005492500000000000000000000000000                          H50000000020170801                                                          000031
1            A38RD2000002                      172032828                                                    063107170000003282COMPE               3107170000000054925         K000000000000000000000000000000000000000000000000000000000000000000000000000000000000005492500000000000000000000000000                          H50000000020170801                                                          000032
1            A38RT2000002                      172033816                                                    063107170000003381COMPE               3107170000000021500         K000000000000000000000000000000000000000000000000000000000000000000000000000000000000002150000000000000000000000000000                          H50000000020170801                                                          000033
1            A39K02000002                      172040413                                                    063107170000004041COMPE               3107170000000063848         K000000000000000000000000000000000000000000000000000000000000000000000000000000000000006384800000000000000000000000000                          H50000000020170801                                                          000034
1            A39KDP000002                      172304712                                                    063107170000030471COMPE               3107170000000079583         K000000000000000000000000000000000000000000000000000000000000000000000000000000000000007958300000000000000000000000000                          H50000000020170801                                                          000035
1            A38RN3000001                      172306413                                                    063107170000030641COMPE               3107170000000079583         K000000000000000000000000000000000000000000000000000000000000000000000000000000000000007958300000000000000000000000000                          H50000000020170801                                                          000036
1            A38RTE000002                      172310631                                                    063107170000031063COMPE               3107170000000021500         K000000000000000000000000000000000000000000000000000000000000000000000000000000000000002150000000000000000000000000000                          H50000000020170801                                                          000037
1            A39NEZ000001                      172316125                                                    063107170000031612COMPE               3107170000000127321         K000000000000000000000000000000000000000000000000000000000000000000000000000000000000012732100000000000000000000000000                          H50000000020170801                                                          000038
1            A39NRX000002                      172316524                                                    063107170000031652COMPE               3107170000000025000         K000000000000000000000000000000000000000000000000000000000000000000000000000000000000002500000000000000000000000000000                          H50000000020170801                                                          000039
1            A39KEJ000002                      172309323                                                    283107170000030932                    3107170000000138690         K000000000011500000000000000000000000000000000000000000000000000000000000000000000000000011500000000000000000000000000                          B30000000020170731                                                          000040
1            A38RD3000002                      172033379                                                    283107170000003337                    3107170000000078323         K000000000011500000000000000000000000000000000000000000000000000000000000000000000000000011500000000000000000000000000                          B30000000020170731                                                          000041
1            A39K0P000002                      172004778                                                    283107170000000477                    3107170000000063848         K000000000011500000000000000000000000000000000000000000000000000000000000000000000000000011500000000000000000000000000                          B30000000020170731                                                          000042
1            A39K0S000002                      172005103                                                    283107170000000510                    3107170000000015000         K000000000011500000000000000000000000000000000000000000000000000000000000000000000000000011500000000000000000000000000                          B30000000020170731                                                          000043
1            A39K0T000002                      172005219                                                    283107170000000521                    3107170000000045530         K000000000011500000000000000000000000000000000000000000000000000000000000000000000000000011500000000000000000000000000                          B30000000020170731                                                          000044
1            A39K15000002                      172006533                                                    283107170000000653                    3107170000000063848         K000000000011500000000000000000000000000000000000000000000000000000000000000000000000000011500000000000000000000000000                          B30000000020170731                                                          000045
1            A39K1E000002                      172007963                                                    283107170000000796                    3107170000000063848         K000000000011500000000000000000000000000000000000000000000000000000000000000000000000000011500000000000000000000000000                          B30000000020170731                                                          000046
1            A39K1O000002                      172009176                                                    283107170000000917                    3107170000000015000         K000000000011500000000000000000000000000000000000000000000000000000000000000000000000000011500000000000000000000000000                          B30000000020170731                                                          000047
1            A39K1U000002                      172009834                                                    283107170000000983                    3107170000000015000         K000000000011500000000000000000000000000000000000000000000000000000000000000000000000000011500000000000000000000000000                          B30000000020170731                                                          000048
1            A39K20000002                      172010719                                                    283107170000001071                    3107170000000063848         K000000000011500000000000000000000000000000000000000000000000000000000000000000000000000011500000000000000000000000000                          B30000000020170731                                                          000049
1            A39K2G000002                      172012916                                                    283107170000001291                    3107170000000063848         K000000000011500000000000000000000000000000000000000000000000000000000000000000000000000011500000000000000000000000000                          B30000000020170731                                                          000050
1            A39K2I000002                      172013130                                                    283107170000001313                    3107170000000063848         K000000000011500000000000000000000000000000000000000000000000000000000000000000000000000011500000000000000000000000000                          B30000000020170731                                                          000051
1            A39K2K000002                      172013467                                                    283107170000001346                    3107170000000076060         K000000000011500000000000000000000000000000000000000000000000000000000000000000000000000011500000000000000000000000000                          B30000000020170731                                                          000052
1            A39K2Z000002                      172015338                                                    283107170000001533                    3107170000000057742         K000000000011500000000000000000000000000000000000000000000000000000000000000000000000000011500000000000000000000000000                          B30000000020170731                                                          000053
1            A39K34000002                      172016105                                                    283107170000001610                    3107170000000063848         K000000000011500000000000000000000000000000000000000000000000000000000000000000000000000011500000000000000000000000000                          B30000000020170731                                                          000054
1            A38R9N000002                      172017977                                                    283107170000001797                    3107170000000076060         K000000000011500000000000000000000000000000000000000000000000000000000000000000000000000011500000000000000000000000000                          B30000000020170731                                                          000055
1            A39K3H000001                      172018086                                                    283107170000001808                    3107170000000063848         K000000000011500000000000000000000000000000000000000000000000000000000000000000000000000011500000000000000000000000000                          B30000000020170731                                                          000056
1            A39K34000002                      172019732                                                    283107170000001973                    3107170000000063848         K000000000011500000000000000000000000000000000000000000000000000000000000000000000000000011500000000000000000000000000                          B30000000020170731                                                          000057
1            A38R9U000002                      172019953                                                    283107170000001995                    3107170000000063848         K000000000011500000000000000000000000000000000000000000000000000000000000000000000000000011500000000000000000000000000                          B30000000020170731                                                          000058
1            A39K4A000002                      172024906                                                    283107170000002490                    3107170000000057742         K000000000011500000000000000000000000000000000000000000000000000000000000000000000000000011500000000000000000000000000                          B30000000020170731                                                          000059
1            A38RSQ000002                      172025783                                                    283107170000002578                    3107170000000015000         K000000000011500000000000000000000000000000000000000000000000000000000000000000000000000011500000000000000000000000000                          B30000000020170731                                                          000060
1            A38RSW000001                      172026550                                                    283107170000002655                    3107170000000015000         K000000000011500000000000000000000000000000000000000000000000000000000000000000000000000011500000000000000000000000000                          B30000000020170731                                                          000061
1            A39K4D000002                      172027212                                                    283107170000002721                    3107170000000015000         K000000000011500000000000000000000000000000000000000000000000000000000000000000000000000011500000000000000000000000000                          B30000000020170731                                                          000062
1            A39K4I000002                      172028979                                                    283107170000002897                    3107170000000068295         K000000000011500000000000000000000000000000000000000000000000000000000000000000000000000011500000000000000000000000000                          B30000000020170731                                                          000063
1            A39K4K000001                      172029193                                                    283107170000002919                    3107170000000041555         K000000000011500000000000000000000000000000000000000000000000000000000000000000000000000011500000000000000000000000000                          B30000000020170731                                                          000064
1            A38RBO000002                      172030400                                                    283107170000003040                    3107170000000054925         K000000000011500000000000000000000000000000000000000000000000000000000000000000000000000011500000000000000000000000000                          B30000000020170731                                                          000065
1            A38RTG000002                      172030841                                                    283107170000003084                    3107170000000021500         K000000000011500000000000000000000000000000000000000000000000000000000000000000000000000011500000000000000000000000000                          B30000000020170731                                                          000066
1            A39K4N000002                      172030957                                                    283107170000003095                    3107170000000021500         K000000000011500000000000000000000000000000000000000000000000000000000000000000000000000011500000000000000000000000000                          B30000000020170731                                                          000067
1            A38RMI000002                      172031945                                                    283107170000003194                    3107170000000074980         K000000000011500000000000000000000000000000000000000000000000000000000000000000000000000011500000000000000000000000000                          B30000000020170731                                                          000068
1            A38RMG000001                      172032275                                                    283107170000003227                    3107170000000054925         K000000000011500000000000000000000000000000000000000000000000000000000000000000000000000011500000000000000000000000000                          B30000000020170731                                                          000069
1            A38RD2000002                      172032828                                                    283107170000003282                    3107170000000054925         K000000000011500000000000000000000000000000000000000000000000000000000000000000000000000011500000000000000000000000000                          B30000000020170731                                                          000070
1            A38RT2000002                      172033816                                                    283107170000003381                    3107170000000021500         K000000000011500000000000000000000000000000000000000000000000000000000000000000000000000011500000000000000000000000000                          B30000000020170731                                                          000071
1            A39K02000002                      172040413                                                    283107170000004041                    3107170000000063848         K000000000011500000000000000000000000000000000000000000000000000000000000000000000000000011500000000000000000000000000                          B30000000020170731                                                          000072
1            A39KDP000002                      172304712                                                    283107170000030471                    3107170000000079583         K000000000011500000000000000000000000000000000000000000000000000000000000000000000000000011500000000000000000000000000                          B30000000020170731                                                          000073
1            A38RN3000001                      172306413                                                    283107170000030641                    3107170000000079583         K000000000011500000000000000000000000000000000000000000000000000000000000000000000000000011500000000000000000000000000                          B30000000020170731                                                          000074
1            A38RTE000002                      172310631                                                    283107170000031063                    3107170000000021500         K000000000011500000000000000000000000000000000000000000000000000000000000000000000000000011500000000000000000000000000                          B30000000020170731                                                          000075
1            A39NEZ000001                      172316125                                                    283107170000031612                    3107170000000127321         K000000000011500000000000000000000000000000000000000000000000000000000000000000000000000011500000000000000000000000000                          B30000000020170731                                                          000076
1            A39NRX000002                      172316524                                                    283107170000031652                    3107170000000025000         K000000000011500000000000000000000000000000000000000000000000000000000000000000000000000011500000000000000000000000000                          B30000000020170731                                                          000077
1            C0000000000                       172041843                                                    06310717          090302                    0000000018318                                                              00000000000000000000000000000000001831800000000000000000000000000                          00        20170801                                                          000078
1            C0000000000                       172041843                                                    28310717          090302                    0000000000115                                                              00000000000000000000000000000000001831800000000000000000000000000                          B3        20170731                                                          000079
1            C0000000000                       172011375                                                    06310717          COMPE                     0000000015000                                                              00000000000000000000000000000000001500000000000000000000000000000                          H5        20170801                                                          000080
1            C0000000000                       172011375                                                    28310717          COMPE                     0000000000115                                                              00000000000000000000000000000000001500000000000000000000000000000                          B3        20170731                                                          000081
1            C0000000000                       172037773                                                    06310717          COMPE                     0000000073977                                                              00000000000000000000000000000000007397700000000000000000000000000                          H5        20170801                                                          000082
1            C0000000000                       172037773                                                    28310717          COMPE                     0000000000115                                                              00000000000000000000000000000000007397700000000000000000000000000                          B3        20170731                                                          000083
9274826431                                                                                                                                                                                                                                                                                                                                                                                                000084
