02RETORNO01COBRANCA       2643103361110000177                               748BANSICREDI     20170802        0000211                                                                                                                                                                                                                                                                                 1.00000001
1            A39SGA000002                      172043803                                                    060108170000004380090314              3108170000000076060         K000000000000000000000000000000000000000000000000000000000000000000000000003060000000007300000000000000000000000000000                          000000000020170802                                                          000002
1            A39QVK000002                      172043552                                                    060108170000004355090312              3107170000000076060         K000000000000000000000000000000000000000000000000000000000000000000000000000000000000007608200000000000070000000000015                          000000000020170802                                                          000003
1            A39K3L000002                      172018850                                                    060108170000001885090302              3107170000000063848         K000000000000000000000000000000000000000000000000000000000000000000000000000000000000006387400000000000130000000000013                          000000000020170802                                                          000004
1            A38RCF000002                      172032160                                                    060108170000003216090302              3107170000000074980         K000000000000000000000000000000000000000000000000000000000000000000000000000000000000007501000000000000150000000000015                          000000000020170802                                                          000005
1            A39K1M000002                      172008811                                                    060108170000000881090302              3004170000000060795         K000000000000000000000000000000000000000000000000000000000000000000000000000000000000006370700000000016960000000001216                          000000000020170802                                                          000006
1            A39K1M000002                      172008820                                                    060108170000000882090302              3105170000000060795         K000000000000000000000000000000000000000000000000000000000000000000000000000000000000006314200000000011310000000001216                          000000000020170802                                                          000007
1            A39K1M000002                      172008838                                                    060108170000000883090302              3006170000000060795         K000000000000000000000000000000000000000000000000000000000000000000000000000000000000006259500000000005840000000001216                          000000000020170802                                                          000008
1            A38RB1000002                      172026003                                                    060108170000002600090325              3107170000000054689         K000000000000000000000000000000000000000000000000000000000000000000000000000000000000005579400000000000110000000001094                          000000000020170802                                                          000009
1            A38RFN000002                      172006649                                                    060108170000000664COMPE               3107170000000015000         K000000000000000000000000000000000000000000000000000000000000000000000000000000000000001500600000000000000000000000000                          H50000000020170802                                                          000010
1            A39K1P000002                      172009290                                                    060108170000000929COMPE               3108170000000063848         K000000000000000000000000000000000000000000000000000000000000000000000000000000000000006140000000000000000000000000000                          H50000000020170802                                                          000011
1            A39K2J000002                      172013246                                                    060108170000001324COMPE               3107170000000057742         K000000000000000000000000000000000000000000000000000000000000000000000000000000000000005776500000000000000000000000000                          H50000000020170802                                                          000012
1            A38R9N000002                      172017985                                                    060108170000001798COMPE               3108170000000076060         K000000000000000000000000000000000000000000000000000000000000000000000000000000000000007300000000000000000000000000000                          H50000000020170802                                                          000013
1            A39K3X000002                      172022270                                                    060108170000002227COMPE               3108170000000045530         K000000000000000000000000000000000000000000000000000000000000000000000000000000000000004400000000000000000000000000000                          H50000000020170802                                                          000014
1            A38RDM000002                      172311530                                                    060108170000031153COMPE               3108170000000074980         K000000000000000000000000000000000000000000000000000000000000000000000000000000000000007230000000000000000000000000000                          H50000000020170802                                                          000015
1            A39SGA000002                      172043803                                                    280108170000004380                    3108170000000076060         K000000000011500000000000000000000000000000000000000000000000000000000000000000000000000011500000000000000000000000000                          B30000000020170801                                                          000016
1            A39QVK000002                      172043552                                                    280108170000004355                    3107170000000076060         K000000000011500000000000000000000000000000000000000000000000000000000000000000000000000011500000000000000000000000000                          B30000000020170801                                                          000017
1            A39K3L000002                      172018850                                                    280108170000001885                    3107170000000063848         K000000000011500000000000000000000000000000000000000000000000000000000000000000000000000011500000000000000000000000000                          B30000000020170801                                                          000018
1            A38RCF000002                      172032160                                                    280108170000003216                    3107170000000074980         K000000000011500000000000000000000000000000000000000000000000000000000000000000000000000011500000000000000000000000000                          B30000000020170801                                                          000019
1            A39K1M000002                      172008811                                                    280108170000000881                    3004170000000060795         K000000000011500000000000000000000000000000000000000000000000000000000000000000000000000011500000000000000000000000000                          B30000000020170801                                                          000020
1            A39K1M000002                      172008820                                                    280108170000000882                    3105170000000060795         K000000000011500000000000000000000000000000000000000000000000000000000000000000000000000011500000000000000000000000000                          B30000000020170801                                                          000021
1            A39K1M000002                      172008838                                                    280108170000000883                    3006170000000060795         K000000000011500000000000000000000000000000000000000000000000000000000000000000000000000011500000000000000000000000000                          B30000000020170801                                                          000022
1            A38RB1000002                      172026003                                                    280108170000002600                    3107170000000054689         K000000000011500000000000000000000000000000000000000000000000000000000000000000000000000011500000000000000000000000000                          B30000000020170801                                                          000023
1            A38RFN000002                      172006649                                                    280108170000000664                    3107170000000015000         K000000000011500000000000000000000000000000000000000000000000000000000000000000000000000011500000000000000000000000000                          B30000000020170801                                                          000024
1            A39K1P000002                      172009290                                                    280108170000000929                    3108170000000063848         K000000000011500000000000000000000000000000000000000000000000000000000000000000000000000011500000000000000000000000000                          B30000000020170801                                                          000025
1            A39K2J000002                      172013246                                                    280108170000001324                    3107170000000057742         K000000000011500000000000000000000000000000000000000000000000000000000000000000000000000011500000000000000000000000000                          B30000000020170801                                                          000026
1            A38R9N000002                      172017985                                                    280108170000001798                    3108170000000076060         K000000000011500000000000000000000000000000000000000000000000000000000000000000000000000011500000000000000000000000000                          B30000000020170801                                                          000027
1            A39K3X000002                      172022270                                                    280108170000002227                    3108170000000045530         K000000000011500000000000000000000000000000000000000000000000000000000000000000000000000011500000000000000000000000000                          B30000000020170801                                                          000028
1            A38RDM000002                      172311530                                                    280108170000031153                    3108170000000074980         K000000000011500000000000000000000000000000000000000000000000000000000000000000000000000011500000000000000000000000000                          B30000000020170801                                                          000029
9274826431                                                                                                                                                                                                                                                                                                                                                                                                000030
