02RETORNO01COBRANCA       2643103361110000177                               748BANSICREDI     20170727        0000208                                                                                                                                                                                                                                                                                 1.00000001
1            A39K0R000002                      172004980                                                    062607170000000498090316              3006170000000045530         K000000000000000000000000000000000000000000000000000000000000000000000000000000000000004577300000000002340000000000009                          000000000020170727                                                          000002
1            A39K0R000002                      172004999                                                    062607170000000499090316              3107170000000045530         K000000000000000000000000000000000000000000000000000000000000000000000000000000000000004553000000000000000000000000000                          000000000020170727                                                          000003
1            A38RC1000002                      172033590                                                    062607170000003359090316              3107170000000074980         K000000000000000000000000000000000000000000000000000000000000000000000000000000000000007498000000000000000000000000000                          000000000020170727                                                          000004
1            A00000000002                      172044010                                                    032607170000004401                    3108170000000076060         K000000000000000000000000000000000000000000000000000000000000000000000000000000000000000000000000000000000000000000000                          4800000000                                                                  000005
1            A00000000002                      172044028                                                    032607170000004402                    3009170000000076060         K000000000000000000000000000000000000000000000000000000000000000000000000000000000000000000000000000000000000000000000                          4800000000                                                                  000006
1            A00000000002                      172044036                                                    032607170000004403                    3110170000000076060         K000000000000000000000000000000000000000000000000000000000000000000000000000000000000000000000000000000000000000000000                          4800000000                                                                  000007
1            A00000000002                      172044044                                                    032607170000004404                    3011170000000076060         K000000000000000000000000000000000000000000000000000000000000000000000000000000000000000000000000000000000000000000000                          4800000000                                                                  000008
1            A00000000002                      172044052                                                    032607170000004405                    3112170000000076060         K000000000000000000000000000000000000000000000000000000000000000000000000000000000000000000000000000000000000000000000                          4800000000                                                                  000009
1            A39TZ8000002                      172044079                                                    022607170000004407                    3108170000000063848         K000000000000000000000000000000000000000000000000000000000000000000000000000000000000000000000000000000000000000000000                          0000000000                                                                  000010
1            A39TZ8000002                      172044087                                                    022607170000004408                    3009170000000063848         K000000000000000000000000000000000000000000000000000000000000000000000000000000000000000000000000000000000000000000000                          0000000000                                                                  000011
1            A39TZ8000002                      172044095                                                    022607170000004409                    3110170000000063848         K000000000000000000000000000000000000000000000000000000000000000000000000000000000000000000000000000000000000000000000                          0000000000                                                                  000012
1            A39TZ8000002                      172044109                                                    022607170000004410                    3011170000000063848         K000000000000000000000000000000000000000000000000000000000000000000000000000000000000000000000000000000000000000000000                          0000000000                                                                  000013
1            A39TZ8000002                      172044117                                                    022607170000004411                    3112170000000063848         K000000000000000000000000000000000000000000000000000000000000000000000000000000000000000000000000000000000000000000000                          0000000000                                                                  000014
1            A39TZ9000002                      172044133                                                    022607170000004413                    3108170000000076060         K000000000000000000000000000000000000000000000000000000000000000000000000000000000000000000000000000000000000000000000                          0000000000                                                                  000015
1            A39TZ9000002                      172044141                                                    022607170000004414                    3009170000000076060         K000000000000000000000000000000000000000000000000000000000000000000000000000000000000000000000000000000000000000000000                          0000000000                                                                  000016
1            A39TZ9000002                      172044150                                                    022607170000004415                    3110170000000076060         K000000000000000000000000000000000000000000000000000000000000000000000000000000000000000000000000000000000000000000000                          0000000000                                                                  000017
1            A39TZ9000002                      172044168                                                    022607170000004416                    3011170000000076060         K000000000000000000000000000000000000000000000000000000000000000000000000000000000000000000000000000000000000000000000                          0000000000                                                                  000018
1            A39TZ9000002                      172044176                                                    022607170000004417                    3112170000000076060         K000000000000000000000000000000000000000000000000000000000000000000000000000000000000000000000000000000000000000000000                          0000000000                                                                  000019
1            A39TZA000002                      172044192                                                    022607170000004419                    3108170000000076060         K000000000000000000000000000000000000000000000000000000000000000000000000000000000000000000000000000000000000000000000                          0000000000                                                                  000020
1            A39TZA000002                      172044206                                                    022607170000004420                    3009170000000076060         K000000000000000000000000000000000000000000000000000000000000000000000000000000000000000000000000000000000000000000000                          0000000000                                                                  000021
1            A39TZA000002                      172044214                                                    022607170000004421                    3110170000000076060         K000000000000000000000000000000000000000000000000000000000000000000000000000000000000000000000000000000000000000000000                          0000000000                                                                  000022
1            A39TZA000002                      172044222                                                    022607170000004422                    3011170000000076060         K000000000000000000000000000000000000000000000000000000000000000000000000000000000000000000000000000000000000000000000                          0000000000                                                                  000023
1            A39TZA000002                      172044230                                                    022607170000004423                    3112170000000076060         K000000000000000000000000000000000000000000000000000000000000000000000000000000000000000000000000000000000000000000000                          0000000000                                                                  000024
1            A00000000002                      172044257                                                    032607170000004425                    3108170000000076060         K000000000000000000000000000000000000000000000000000000000000000000000000000000000000000000000000000000000000000000000                          4800000000                                                                  000025
1            A00000000002                      172044265                                                    032607170000004426                    3009170000000076060         K000000000000000000000000000000000000000000000000000000000000000000000000000000000000000000000000000000000000000000000                          4800000000                                                                  000026
1            A00000000002                      172044273                                                    032607170000004427                    3110170000000076060         K000000000000000000000000000000000000000000000000000000000000000000000000000000000000000000000000000000000000000000000                          4800000000                                                                  000027
1            A00000000002                      172044281                                                    032607170000004428                    3011170000000076060         K000000000000000000000000000000000000000000000000000000000000000000000000000000000000000000000000000000000000000000000                          4800000000                                                                  000028
1            A00000000002                      172044290                                                    032607170000004429                    3112170000000076060         K000000000000000000000000000000000000000000000000000000000000000000000000000000000000000000000000000000000000000000000                          4800000000                                                                  000029
1            A38RAE000002                      172022164                                                    062607170000002216COMPE               3108170000000063848         K000000000000000000000000000000000000000000000000000000000000000000000000000000000000006140000000000000000000000000000                          H50000000020170727                                                          000030
1            A39K0R000002                      172004980                                                    282607170000000498                    3006170000000045530         K000000000011500000000000000000000000000000000000000000000000000000000000000000000000000011500000000000000000000000000                          B30000000020170726                                                          000031
1            A39K0R000002                      172004999                                                    282607170000000499                    3107170000000045530         K000000000011500000000000000000000000000000000000000000000000000000000000000000000000000011500000000000000000000000000                          B30000000020170726                                                          000032
1            A38RC1000002                      172033590                                                    282607170000003359                    3107170000000074980         K000000000011500000000000000000000000000000000000000000000000000000000000000000000000000011500000000000000000000000000                          B30000000020170726                                                          000033
1            A38RAE000002                      172022164                                                    282607170000002216                    3108170000000063848         K000000000011500000000000000000000000000000000000000000000000000000000000000000000000000011500000000000000000000000000                          B30000000020170726                                                          000034
1            C0000000000                       172037439                                                    06260717          090312                    0000000021500                                                              00000000000000000000000000000000002203400000000001040000000000430                          00        20170727                                                          000035
1            C0000000000                       172037439                                                    28260717          090312                    0000000000115                                                              00000000000000000000000000000000002203400000000001040000000000430                          B3        20170726                                                          000036
9274826431                                                                                                                                                                                                                                                                                                                                                                                                000037
