02RETORNO01COBRANCA       2643103361110000177                               748BANSICREDI     20170731        0000209                                                                                                                                                                                                                                                                                 1.00000001
1            A39K5G000002                      172038427                                                    062807170000003842090312              3006170000000078323         K000000000000000000000000000000000000000000000000000000000000000000000000000000000000008054700000000006580000000001566                          000000000020170731                                                          000002
1            A39KEV000002                      172308912                                                    062807170000030891090314              3107170000000121637         K000000000000000000000000000000000000000000000000000000000000000000000000000000000000012163700000000000000000000000000                          000000000020170731                                                          000003
1            A39K5G000002                      172038427                                                    282807170000003842                    3006170000000078323         K000000000011500000000000000000000000000000000000000000000000000000000000000000000000000011500000000000000000000000000                          B30000000020170728                                                          000004
1            A39KEV000002                      172308912                                                    282807170000030891                    3107170000000121637         K000000000011500000000000000000000000000000000000000000000000000000000000000000000000000011500000000000000000000000000                          B30000000020170728                                                          000005
9274826431                                                                                                                                                                                                                                                                                                                                                                                                000006
