02RETORNO01COBRANCA       2643103361110000177                               748BANSICREDI     20170302        0000112                                                                                                                                                                                                                                                                                 1.00000001
1            A38RA3000002                      172024744                                                    060103170000002474090302              2802170000000060795         K000000000000000000000000000000000000000000000000000000000000000000000000000000000000006079500000000000000000000000000                          000000000020170302                                                          000002
1            A38RDF000002                      172030132                                                    060103170000003013090303              2802170000000071638         K000000000000000000000000000000000000000000000000000000000000000000000000000000000000007163800000000000000000000000000                          000000000020170302                                                          000003
1            A39KEJ000002                      172309277                                                    060103170000030927090303              2802170000000138690         K000000000000000000000000000000000000000000000000000000000000000000000000000000000000013869000000000000000000000000000                          000000000020170302                                                          000004
1            A38RCF000002                      172032119                                                    060103170000003211090302              2802170000000074980         K000000000000000000000000000000000000000000000000000000000000000000000000000000000000007498000000000000000000000000000                          000000000020170302                                                          000005
1            A39JZV000002                      172041916                                                    020103170000004191                    3103170000000045530         K000000000000000000000000000000000000000000000000000000000000000000000000000000000000000000000000000000000000000000000                          0000000000                                                                  000006
1            A39JZV000002                      172041924                                                    020103170000004192                    3004170000000045530         K000000000000000000000000000000000000000000000000000000000000000000000000000000000000000000000000000000000000000000000                          0000000000                                                                  000007
1            A39JZV000002                      172041932                                                    020103170000004193                    3105170000000045530         K000000000000000000000000000000000000000000000000000000000000000000000000000000000000000000000000000000000000000000000                          0000000000                                                                  000008
1            A39JZV000002                      172041940                                                    020103170000004194                    3006170000000045530         K000000000000000000000000000000000000000000000000000000000000000000000000000000000000000000000000000000000000000000000                          0000000000                                                                  000009
1            A39JZV000002                      172041959                                                    020103170000004195                    3107170000000045530         K000000000000000000000000000000000000000000000000000000000000000000000000000000000000000000000000000000000000000000000                          0000000000                                                                  000010
1            A39JZV000002                      172041967                                                    020103170000004196                    3108170000000045530         K000000000000000000000000000000000000000000000000000000000000000000000000000000000000000000000000000000000000000000000                          0000000000                                                                  000011
1            A39JZV000002                      172041975                                                    020103170000004197                    3009170000000045530         K000000000000000000000000000000000000000000000000000000000000000000000000000000000000000000000000000000000000000000000                          0000000000                                                                  000012
1            A39JZV000002                      172041983                                                    020103170000004198                    3110170000000030530         K000000000000000000000000000000000000000000000000000000000000000000000000000000000000000000000000000000000000000000000                          0000000000                                                                  000013
1            A39JZV000002                      172041991                                                    020103170000004199                    3011170000000030530         K000000000000000000000000000000000000000000000000000000000000000000000000000000000000000000000000000000000000000000000                          0000000000                                                                  000014
1            A39JZV000002                      172042009                                                    020103170000004200                    3112170000000030530         K000000000000000000000000000000000000000000000000000000000000000000000000000000000000000000000000000000000000000000000                          0000000000                                                                  000015
1            A39JZX000002                      172000993                                                    030103170000000099                    3103170000000060795         K000000000000000000000000000000000000000000000000000000000000000000000000000000000000000000000000000000000000000000000                          6300000000                                                                  000016
1            A39JZX000002                      172001000                                                    030103170000000100                    3004170000000060795         K000000000000000000000000000000000000000000000000000000000000000000000000000000000000000000000000000000000000000000000                          6300000000                                                                  000017
1            A39JZX000002                      172001019                                                    030103170000000101                    3105170000000060795         K000000000000000000000000000000000000000000000000000000000000000000000000000000000000000000000000000000000000000000000                          6300000000                                                                  000018
1            A39JZX000002                      172001027                                                    030103170000000102                    3006170000000060795         K000000000000000000000000000000000000000000000000000000000000000000000000000000000000000000000000000000000000000000000                          6300000000                                                                  000019
1            A39JZX000002                      172001035                                                    030103170000000103                    3107170000000060795         K000000000000000000000000000000000000000000000000000000000000000000000000000000000000000000000000000000000000000000000                          6300000000                                                                  000020
1            A39JZX000002                      172001043                                                    030103170000000104                    3108170000000060795         K000000000000000000000000000000000000000000000000000000000000000000000000000000000000000000000000000000000000000000000                          6300000000                                                                  000021
1            A39JZX000002                      172001051                                                    030103170000000105                    3009170000000060795         K000000000000000000000000000000000000000000000000000000000000000000000000000000000000000000000000000000000000000000000                          6300000000                                                                  000022
1            A39JZX000002                      172001060                                                    030103170000000106                    3110170000000045795         K000000000000000000000000000000000000000000000000000000000000000000000000000000000000000000000000000000000000000000000                          6300000000                                                                  000023
1            A39JZX000002                      172001078                                                    030103170000000107                    3011170000000045795         K000000000000000000000000000000000000000000000000000000000000000000000000000000000000000000000000000000000000000000000                          6300000000                                                                  000024
1            A39JZX000002                      172001086                                                    030103170000000108                    3112170000000045795         K000000000000000000000000000000000000000000000000000000000000000000000000000000000000000000000000000000000000000000000                          6300000000                                                                  000025
1            A39K0A000002                      172002740                                                    060103170000000274COMPE               2802170000000060795         K000000000000000000000000000000000000000000000000000000000000000000000000000000000000006079500000000000000000000000000                          H50000000020170302                                                          000026
1            A39K0P000002                      172004727                                                    060103170000000472COMPE               2802170000000063848         K000000000000000000000000000000000000000000000000000000000000000000000000000000000000006384800000000000000000000000000                          H50000000020170302                                                          000027
1            A39K0S000002                      172005057                                                    060103170000000505COMPE               2802170000000015000         K000000000000000000000000000000000000000000000000000000000000000000000000000000000000001500000000000000000000000000000                          H50000000020170302                                                          000028
1            A39K27000002                      172011871                                                    060103170000001187COMPE               2802170000000063848         K000000000000000000000000000000000000000000000000000000000000000000000000000000000000006140000000000000000000000000000                          H50000000020170302                                                          000029
1            A39K2E000002                      172012649                                                    060103170000001264COMPE               2802170000000063848         K000000000000000000000000000000000000000000000000000000000000000000000000000000000000006384800000000000000000000000000                          H50000000020170302                                                          000030
1            A39K2G000002                      172012860                                                    060103170000001286COMPE               2802170000000063848         K000000000000000000000000000000000000000000000000000000000000000000000000000000000000006384800000000000000000000000000                          H50000000020170302                                                          000031
1            A39K2I000002                      172013084                                                    060103170000001308COMPE               2802170000000063848         K000000000000000000000000000000000000000000000000000000000000000000000000000000000000006140000000000000000000000000000                          H50000000020170302                                                          000032
1            A39K2J000002                      172013190                                                    060103170000001319COMPE               2802170000000057742         K000000000000000000000000000000000000000000000000000000000000000000000000000000000000005560000000000000000000000000000                          H50000000020170302                                                          000033
1            A39K2L000001                      172013521                                                    060103170000001352COMPE               2802170000000063848         K000000000000000000000000000000000000000000000000000000000000000000000000000000000000006140000000000000000000000000000                          H50000000020170302                                                          000034
1            A39K38000002                      172016601                                                    060103170000001660COMPE               2802170000000063848         K000000000000000000000000000000000000000000000000000000000000000000000000000000000000006140000000000000000000000000000                          H50000000020170302                                                          000035
1            A39K3B000002                      172016938                                                    060103170000001693COMPE               2802170000000076060         K000000000000000000000000000000000000000000000000000000000000000000000000000000000000007606000000000000000000000000000                          H50000000020170302                                                          000036
1            A39K3C000002                      172017047                                                    060103170000001704COMPE               2802170000000033318         K000000000000000000000000000000000000000000000000000000000000000000000000000000000000003331800000000000000000000000000                          H50000000020170302                                                          000037
1            A39K3H000001                      172018035                                                    060103170000001803COMPE               2802170000000063848         K000000000000000000000000000000000000000000000000000000000000000000000000000000000000006384800000000000000000000000000                          H50000000020170302                                                          000038
1            A39K3L000002                      172018809                                                    060103170000001880COMPE               2802170000000063848         K000000000000000000000000000000000000000000000000000000000000000000000000000000000000006384800000000000000000000000000                          H50000000020170302                                                          000039
1            A38R9Q000002                      172019023                                                    060103170000001902COMPE               2802170000000060795         K000000000000000000000000000000000000000000000000000000000000000000000000000000000000005850000000000000000000000000000                          H5000000C720170302                                                          000040
1            A39K3M000002                      172019139                                                    060103170000001913COMPE               2802170000000066901         K000000000000000000000000000000000000000000000000000000000000000000000000000000000000006690100000000000000000000000000                          H50000000020170302                                                          000041
1            A38R9U000002                      172019902                                                    060103170000001990COMPE               2802170000000063848         K000000000000000000000000000000000000000000000000000000000000000000000000000000000000006384800000000000000000000000000                          H50000000020170302                                                          000042
1            A38RSO000002                      172020129                                                    060103170000002012COMPE               2802170000000015000         K000000000000000000000000000000000000000000000000000000000000000000000000000000000000001500000000000000000000000000000                          H50000000020170302                                                          000043
1            A38RAM000002                      172022873                                                    060103170000002287COMPE               2802170000000076060         K000000000000000000000000000000000000000000000000000000000000000000000000000000000000007606000000000000000000000000000                          H50000000020170302                                                          000044
1            A39K4A000002                      172024850                                                    060103170000002485COMPE               2802170000000057742         K000000000000000000000000000000000000000000000000000000000000000000000000000000000000005774200000000000000000000000000                          H50000000020170302                                                          000045
1            A38RSQ000002                      172025732                                                    060103170000002573COMPE               2802170000000015000         K000000000000000000000000000000000000000000000000000000000000000000000000000000000000001500000000000000000000000000000                          H50000000020170302                                                          000046
1            A38RST000002                      172026062                                                    060103170000002606COMPE               2802170000000015000         K000000000000000000000000000000000000000000000000000000000000000000000000000000000000001500000000000000000000000000000                          H50000000020170302                                                          000047
1            A38RB6000002                      172026836                                                    060103170000002683COMPE               2802170000000030265         K000000000000000000000000000000000000000000000000000000000000000000000000000000000000003026500000000000000000000000000                          H50000000020170302                                                          000048
1            A38RB9000002                      172027395                                                    060103170000002739COMPE               3103170000000045530         K000000000000000000000000000000000000000000000000000000000000000000000000000000000000004400000000000000000000000000000                          H50000000020170302                                                          000049
1            A38RBG000002                      172027930                                                    060103170000002793COMPE               2802170000000045530         K000000000000000000000000000000000000000000000000000000000000000000000000000000000000004553000000000000000000000000000                          H50000000020170302                                                          000050
1            A39K4G000002                      172028480                                                    060103170000002848COMPE               2802170000000088350         K000000000000000000000000000000000000000000000000000000000000000000000000000000000000008835000000000000000000000000000                          H50000000020170302                                                          000051
1            A39K4I000002                      172028928                                                    060103170000002892COMPE               2802170000000068295         K000000000000000000000000000000000000000000000000000000000000000000000000000000000000006829500000000000000000000000000                          H50000000020170302                                                          000052
1            A39K4K000001                      172029142                                                    060103170000002914COMPE               2802170000000041555         K000000000000000000000000000000000000000000000000000000000000000000000000000000000000004155500000000000000000000000000                          H50000000020170302                                                          000053
1            A38RDK000002                      172030680                                                    060103170000003068COMPE               2802170000000074980         K000000000000000000000000000000000000000000000000000000000000000000000000000000000000007498000000000000000000000000000                          H50000000020170302                                                          000054
1            A38RTG000002                      172030795                                                    060103170000003079COMPE               2802170000000021500         K000000000000000000000000000000000000000000000000000000000000000000000000000000000000002150000000000000000000000000000                          H50000000020170302                                                          000055
1            A39K4N000002                      172030906                                                    060103170000003090COMPE               2802170000000021500         K000000000000000000000000000000000000000000000000000000000000000000000000000000000000002150000000000000000000000000000                          H50000000020170302                                                          000056
1            A39K4O000002                      172031015                                                    060103170000003101COMPE               2802170000000041555         K000000000000000000000000000000000000000000000000000000000000000000000000000000000000004155500000000000000000000000000                          H50000000020170302                                                          000057
1            A38RCW000002                      172031120                                                    060103170000003112COMPE               2802170000000054925         K000000000000000000000000000000000000000000000000000000000000000000000000000000000000005492500000000000000000000000000                          H50000000020170302                                                          000058
1            A38RMI000002                      172031899                                                    060103170000003189COMPE               2802170000000074980         K000000000000000000000000000000000000000000000000000000000000000000000000000000000000007498000000000000000000000000000                          H50000000020170302                                                          000059
1            A38RMG000001                      172032224                                                    060103170000003222COMPE               2802170000000054925         K000000000000000000000000000000000000000000000000000000000000000000000000000000000000005492500000000000000000000000000                          H50000000020170302                                                          000060
1            A38RBW000002                      172032992                                                    060103170000003299COMPE               2802170000000088350         K000000000000000000000000000000000000000000000000000000000000000000000000000000000000008835000000000000000000000000000                          H50000000020170302                                                          000061
1            A39K50000001                      172034758                                                    060103170000003475COMPE               2802170000000021500         K000000000000000000000000000000000000000000000000000000000000000000000000000000000000002150000000000000000000000000000                          H50000000020170302                                                          000062
1            A38RC5000002                      172035410                                                    060103170000003541COMPE               2802170000000061610         K000000000000000000000000000000000000000000000000000000000000000000000000000000000000006161000000000000000000000000000                          H50000000020170302                                                          000063
1            A39K53000002                      172035630                                                    060103170000003563COMPE               2802170000000074980         K000000000000000000000000000000000000000000000000000000000000000000000000000000000000007498000000000000000000000000000                          H50000000020170302                                                          000064
1            A38RRS000002                      172037838                                                    060103170000003783COMPE               2802170000000068295         K000000000000000000000000000000000000000000000000000000000000000000000000000000000000006595000000000000000000000000000                          H50000000020170302                                                          000065
1            A39KEF000002                      172303473                                                    060103170000030347COMPE               2802170000000110268         K000000000000000000000000000000000000000000000000000000000000000000000000000000000000011026800000000000000000000000000                          H50000000020170302                                                          000066
1            A39KEE000002                      172304470                                                    060103170000030447COMPE               2802170000000104583         K000000000000000000000000000000000000000000000000000000000000000000000000000000000000010458300000000000000000000000000                          H50000000020170302                                                          000067
1            A38RTE000002                      172310585                                                    060103170000031058COMPE               2802170000000021500         K000000000000000000000000000000000000000000000000000000000000000000000000000000000000002150000000000000000000000000000                          H50000000020170302                                                          000068
1            A38RDB000002                      172310690                                                    060103170000031069COMPE               2802170000000054925         K000000000000000000000000000000000000000000000000000000000000000000000000000000000000005492500000000000000000000000000                          H50000000020170302                                                          000069
1            A38RDJ000002                      172311352                                                    060103170000031135COMPE               2802170000000054925         K000000000000000000000000000000000000000000000000000000000000000000000000000000000000005492500000000000000000000000000                          H50000000020170302                                                          000070
1            A38RA3000002                      172024744                                                    280103170000002474                    2802170000000060795         K000000000011500000000000000000000000000000000000000000000000000000000000000000000000000011500000000000000000000000000                          B30000000020170301                                                          000071
1            A38RDF000002                      172030132                                                    280103170000003013                    2802170000000071638         K000000000011500000000000000000000000000000000000000000000000000000000000000000000000000011500000000000000000000000000                          B30000000020170301                                                          000072
1            A39KEJ000002                      172309277                                                    280103170000030927                    2802170000000138690         K000000000011500000000000000000000000000000000000000000000000000000000000000000000000000011500000000000000000000000000                          B30000000020170301                                                          000073
1            A38RCF000002                      172032119                                                    280103170000003211                    2802170000000074980         K000000000011500000000000000000000000000000000000000000000000000000000000000000000000000011500000000000000000000000000                          B30000000020170301                                                          000074
1            A39K0A000002                      172002740                                                    280103170000000274                    2802170000000060795         K000000000011500000000000000000000000000000000000000000000000000000000000000000000000000011500000000000000000000000000                          B30000000020170301                                                          000075
1            A39K0P000002                      172004727                                                    280103170000000472                    2802170000000063848         K000000000011500000000000000000000000000000000000000000000000000000000000000000000000000011500000000000000000000000000                          B30000000020170301                                                          000076
1            A39K0S000002                      172005057                                                    280103170000000505                    2802170000000015000         K000000000011500000000000000000000000000000000000000000000000000000000000000000000000000011500000000000000000000000000                          B30000000020170301                                                          000077
1            A39K27000002                      172011871                                                    280103170000001187                    2802170000000063848         K000000000011500000000000000000000000000000000000000000000000000000000000000000000000000011500000000000000000000000000                          B30000000020170301                                                          000078
1            A39K2E000002                      172012649                                                    280103170000001264                    2802170000000063848         K000000000011500000000000000000000000000000000000000000000000000000000000000000000000000011500000000000000000000000000                          B30000000020170301                                                          000079
1            A39K2G000002                      172012860                                                    280103170000001286                    2802170000000063848         K000000000011500000000000000000000000000000000000000000000000000000000000000000000000000011500000000000000000000000000                          B30000000020170301                                                          000080
1            A39K2I000002                      172013084                                                    280103170000001308                    2802170000000063848         K000000000011500000000000000000000000000000000000000000000000000000000000000000000000000011500000000000000000000000000                          B30000000020170301                                                          000081
1            A39K2J000002                      172013190                                                    280103170000001319                    2802170000000057742         K000000000011500000000000000000000000000000000000000000000000000000000000000000000000000011500000000000000000000000000                          B30000000020170301                                                          000082
1            A39K2L000001                      172013521                                                    280103170000001352                    2802170000000063848         K000000000011500000000000000000000000000000000000000000000000000000000000000000000000000011500000000000000000000000000                          B30000000020170301                                                          000083
1            A39K38000002                      172016601                                                    280103170000001660                    2802170000000063848         K000000000011500000000000000000000000000000000000000000000000000000000000000000000000000011500000000000000000000000000                          B30000000020170301                                                          000084
1            A39K3B000002                      172016938                                                    280103170000001693                    2802170000000076060         K000000000011500000000000000000000000000000000000000000000000000000000000000000000000000011500000000000000000000000000                          B30000000020170301                                                          000085
1            A39K3C000002                      172017047                                                    280103170000001704                    2802170000000033318         K000000000011500000000000000000000000000000000000000000000000000000000000000000000000000011500000000000000000000000000                          B30000000020170301                                                          000086
1            A39K3H000001                      172018035                                                    280103170000001803                    2802170000000063848         K000000000011500000000000000000000000000000000000000000000000000000000000000000000000000011500000000000000000000000000                          B30000000020170301                                                          000087
1            A39K3L000002                      172018809                                                    280103170000001880                    2802170000000063848         K000000000011500000000000000000000000000000000000000000000000000000000000000000000000000011500000000000000000000000000                          B30000000020170301                                                          000088
1            A38R9Q000002                      172019023                                                    280103170000001902                    2802170000000060795         K000000000011500000000000000000000000000000000000000000000000000000000000000000000000000011500000000000000000000000000                          B30000000020170301                                                          000089
1            A39K3M000002                      172019139                                                    280103170000001913                    2802170000000066901         K000000000011500000000000000000000000000000000000000000000000000000000000000000000000000011500000000000000000000000000                          B30000000020170301                                                          000090
1            A38R9U000002                      172019902                                                    280103170000001990                    2802170000000063848         K000000000011500000000000000000000000000000000000000000000000000000000000000000000000000011500000000000000000000000000                          B30000000020170301                                                          000091
1            A38RSO000002                      172020129                                                    280103170000002012                    2802170000000015000         K000000000011500000000000000000000000000000000000000000000000000000000000000000000000000011500000000000000000000000000                          B30000000020170301                                                          000092
1            A38RAM000002                      172022873                                                    280103170000002287                    2802170000000076060         K000000000011500000000000000000000000000000000000000000000000000000000000000000000000000011500000000000000000000000000                          B30000000020170301                                                          000093
1            A39K4A000002                      172024850                                                    280103170000002485                    2802170000000057742         K000000000011500000000000000000000000000000000000000000000000000000000000000000000000000011500000000000000000000000000                          B30000000020170301                                                          000094
1            A38RSQ000002                      172025732                                                    280103170000002573                    2802170000000015000         K000000000011500000000000000000000000000000000000000000000000000000000000000000000000000011500000000000000000000000000                          B30000000020170301                                                          000095
1            A38RST000002                      172026062                                                    280103170000002606                    2802170000000015000         K000000000011500000000000000000000000000000000000000000000000000000000000000000000000000011500000000000000000000000000                          B30000000020170301                                                          000096
1            A38RB6000002                      172026836                                                    280103170000002683                    2802170000000030265         K000000000011500000000000000000000000000000000000000000000000000000000000000000000000000011500000000000000000000000000                          B30000000020170301                                                          000097
1            A38RB9000002                      172027395                                                    280103170000002739                    3103170000000045530         K000000000011500000000000000000000000000000000000000000000000000000000000000000000000000011500000000000000000000000000                          B30000000020170301                                                          000098
1            A38RBG000002                      172027930                                                    280103170000002793                    2802170000000045530         K000000000011500000000000000000000000000000000000000000000000000000000000000000000000000011500000000000000000000000000                          B30000000020170301                                                          000099
1            A39K4G000002                      172028480                                                    280103170000002848                    2802170000000088350         K000000000011500000000000000000000000000000000000000000000000000000000000000000000000000011500000000000000000000000000                          B30000000020170301                                                          000100
1            A39K4I000002                      172028928                                                    280103170000002892                    2802170000000068295         K000000000011500000000000000000000000000000000000000000000000000000000000000000000000000011500000000000000000000000000                          B30000000020170301                                                          000101
1            A39K4K000001                      172029142                                                    280103170000002914                    2802170000000041555         K000000000011500000000000000000000000000000000000000000000000000000000000000000000000000011500000000000000000000000000                          B30000000020170301                                                          000102
1            A38RDK000002                      172030680                                                    280103170000003068                    2802170000000074980         K000000000011500000000000000000000000000000000000000000000000000000000000000000000000000011500000000000000000000000000                          B30000000020170301                                                          000103
1            A38RTG000002                      172030795                                                    280103170000003079                    2802170000000021500         K000000000011500000000000000000000000000000000000000000000000000000000000000000000000000011500000000000000000000000000                          B30000000020170301                                                          000104
1            A39K4N000002                      172030906                                                    280103170000003090                    2802170000000021500         K000000000011500000000000000000000000000000000000000000000000000000000000000000000000000011500000000000000000000000000                          B30000000020170301                                                          000105
1            A39K4O000002                      172031015                                                    280103170000003101                    2802170000000041555         K000000000011500000000000000000000000000000000000000000000000000000000000000000000000000011500000000000000000000000000                          B30000000020170301                                                          000106
1            A38RCW000002                      172031120                                                    280103170000003112                    2802170000000054925         K000000000011500000000000000000000000000000000000000000000000000000000000000000000000000011500000000000000000000000000                          B30000000020170301                                                          000107
1            A38RMI000002                      172031899                                                    280103170000003189                    2802170000000074980         K000000000011500000000000000000000000000000000000000000000000000000000000000000000000000011500000000000000000000000000                          B30000000020170301                                                          000108
1            A38RMG000001                      172032224                                                    280103170000003222                    2802170000000054925         K000000000011500000000000000000000000000000000000000000000000000000000000000000000000000011500000000000000000000000000                          B30000000020170301                                                          000109
1            A38RBW000002                      172032992                                                    280103170000003299                    2802170000000088350         K000000000011500000000000000000000000000000000000000000000000000000000000000000000000000011500000000000000000000000000                          B30000000020170301                                                          000110
1            A39K50000001                      172034758                                                    280103170000003475                    2802170000000021500         K000000000011500000000000000000000000000000000000000000000000000000000000000000000000000011500000000000000000000000000                          B30000000020170301                                                          000111
1            A38RC5000002                      172035410                                                    280103170000003541                    2802170000000061610         K000000000011500000000000000000000000000000000000000000000000000000000000000000000000000011500000000000000000000000000                          B30000000020170301                                                          000112
1            A39K53000002                      172035630                                                    280103170000003563                    2802170000000074980         K000000000011500000000000000000000000000000000000000000000000000000000000000000000000000011500000000000000000000000000                          B30000000020170301                                                          000113
1            A38RRS000002                      172037838                                                    280103170000003783                    2802170000000068295         K000000000011500000000000000000000000000000000000000000000000000000000000000000000000000011500000000000000000000000000                          B30000000020170301                                                          000114
1            A39KEF000002                      172303473                                                    280103170000030347                    2802170000000110268         K000000000011500000000000000000000000000000000000000000000000000000000000000000000000000011500000000000000000000000000                          B30000000020170301                                                          000115
1            A39KEE000002                      172304470                                                    280103170000030447                    2802170000000104583         K000000000011500000000000000000000000000000000000000000000000000000000000000000000000000011500000000000000000000000000                          B30000000020170301                                                          000116
1            A38RTE000002                      172310585                                                    280103170000031058                    2802170000000021500         K000000000011500000000000000000000000000000000000000000000000000000000000000000000000000011500000000000000000000000000                          B30000000020170301                                                          000117
1            A38RDB000002                      172310690                                                    280103170000031069                    2802170000000054925         K000000000011500000000000000000000000000000000000000000000000000000000000000000000000000011500000000000000000000000000                          B30000000020170301                                                          000118
1            A38RDJ000002                      172311352                                                    280103170000031135                    2802170000000054925         K000000000011500000000000000000000000000000000000000000000000000000000000000000000000000011500000000000000000000000000                          B30000000020170301                                                          000119
1            C0000000000                       172002635                                                    06010317          COMPE                     0000000057742                                                              00000000000000000000000000000000005774200000000000000000000000000                          H5        20170302                                                          000120
1            C0000000000                       172002635                                                    28010317          COMPE                     0000000000115                                                              00000000000000000000000000000000005774200000000000000000000000000                          B3        20170301                                                          000121
1            C0000000000                       172009010                                                    06010317          COMPE                     0000000015000                                                              00000000000000000000000000000000001500000000000000000000000000000                          H5        20170302                                                          000122
1            C0000000000                       172009010                                                    28010317          COMPE                     0000000000115                                                              00000000000000000000000000000000001500000000000000000000000000000                          B3        20170301                                                          000123
1            C0000000000                       172010883                                                    06010317          COMPE                     0000000063848                                                              00000000000000000000000000000000006384800000000000000000000000000                          H5        20170302                                                          000124
1            C0000000000                       172010883                                                    28010317          COMPE                     0000000000115                                                              00000000000000000000000000000000006384800000000000000000000000000                          B3        20170301                                                          000125
1            C0000000000                       172011324                                                    06010317          COMPE                     0000000015000                                                              00000000000000000000000000000000001500000000000000000000000000000                          H5        20170302                                                          000126
1            C0000000000                       172011324                                                    28010317          COMPE                     0000000000115                                                              00000000000000000000000000000000001500000000000000000000000000000                          B3        20170301                                                          000127
1            C0000000000                       172018922                                                    06010317          COMPE                     0000000066901                                                              00000000000000000000000000000000006430000000000000000000000000000                          H5        20170302                                                          000128
1            C0000000000                       172018922                                                    28010317          COMPE                     0000000000115                                                              00000000000000000000000000000000006430000000000000000000000000000                          B3        20170301                                                          000129
9274826431                                                                                                                                                                                                                                                                                                                                                                                                000130
