02RETORNO01COBRANCA       2643103361110000177                               748BANSICREDI     20170405        0000136                                                                                                                                                                                                                                                                                 1.00000001
1            A39KEX000002                      172304577                                                    060404170000030457090302              3103170000000081845         K000000000000000000000000000000000000000000000000000000000000000000000000000000000000008351300000000000330000000001636                          000000000020170405                                                          000002
1            A39K0V000002                      172005405                                                    060404170000000540COMPE               3004170000000063848         K000000000000000000000000000000000000000000000000000000000000000000000000000000000000004400000000000000000000000000000                          H50000000020170405                                                          000003
1            A39K28000002                      172012002                                                    060404170000001200COMPE               3004170000000063848         K000000000000000000000000000000000000000000000000000000000000000000000000000000000000006140000000000000000000000000000                          H50000000020170405                                                          000004
1            A39K2O000002                      172013874                                                    060404170000001387COMPE               3004170000000060795         K000000000000000000000000000000000000000000000000000000000000000000000000000000000000005850000000000000000000000000000                          H50000000020170405                                                          000005
1            A39K32000002                      172015850                                                    060404170000001585COMPE               3004170000000066901         K000000000000000000000000000000000000000000000000000000000000000000000000000000000000006430000000000000000000000000000                          H50000000020170405                                                          000006
1            A38R9M000002                      172017837                                                    060404170000001783COMPE               3004170000000033318         K000000000000000000000000000000000000000000000000000000000000000000000000000000000000003240000000000000000000000000000                          H50000000020170405                                                          000007
1            A39K3J000002                      172018493                                                    060404170000001849COMPE               3004170000000060795         K000000000000000000000000000000000000000000000000000000000000000000000000000000000000005850000000000000000000000000000                          H50000000020170405                                                          000008
1            A38RSO000002                      172020145                                                    060404170000002014COMPE               3004170000000015000         K000000000000000000000000000000000000000000000000000000000000000000000000000000000000001500000000000000000000000000000                          H50000000020170405                                                          000009
1            A39K3T000002                      172020692                                                    060404170000002069COMPE               3004170000000045530         K000000000000000000000000000000000000000000000000000000000000000000000000000000000000004400000000000000000000000000000                          H50000000020170405                                                          000010
1            A38RB2000002                      172021575                                                    060404170000002157COMPE               3004170000000045530         K000000000000000000000000000000000000000000000000000000000000000000000000000000000000004400000000000000000000000000000                          H50000000020170405                                                          000011
1            A39K3X000002                      172022237                                                    060404170000002223COMPE               3004170000000045530         K000000000000000000000000000000000000000000000000000000000000000000000000000000000000004400000000000000000000000000000                          H50000000020170405                                                          000012
1            A38RAK000002                      172022784                                                    060404170000002278COMPE               3004170000000060795         K000000000000000000000000000000000000000000000000000000000000000000000000000000000000005850000000000000000000000000000                          H50000000020170405                                                          000013
1            A39K48000002                      172024213                                                    060404170000002421COMPE               3004170000000063848         K000000000000000000000000000000000000000000000000000000000000000000000000000000000000006140000000000000000000000000000                          H50000000020170405                                                          000014
1            A38RBA000002                      172027514                                                    060404170000002751COMPE               3004170000000033318         K000000000000000000000000000000000000000000000000000000000000000000000000000000000000003240000000000000000000000000000                          H50000000020170405                                                          000015
1            A38RBE000002                      172027840                                                    060404170000002784COMPE               3004170000000045530         K000000000000000000000000000000000000000000000000000000000000000000000000000000000000004400000000000000000000000000000                          H50000000020170405                                                          000016
1            A39K4M000002                      172029932                                                    060404170000002993COMPE               3004170000000078323         K000000000000000000000000000000000000000000000000000000000000000000000000000000000000007547500000000000000000000000000                          H50000000020170405                                                          000017
1            A39K56000002                      172035983                                                    060404170000003598COMPE               3004170000000054925         K000000000000000000000000000000000000000000000000000000000000000000000000000000000000005325000000000000000000000000000                          H50000000020170405                                                          000018
1            A39K1H000002                      172040820                                                    060404170000004082COMPE               3004170000000045530         K000000000000000000000000000000000000000000000000000000000000000000000000000000000000004400000000000000000000000000000                          H50000000020170405                                                          000019
1            A38RTI000002                      172312383                                                    060404170000031238COMPE               3004170000000021500         K000000000000000000000000000000000000000000000000000000000000000000000000000000000000002150000000000000000000000000000                          H50000000020170405                                                          000020
1            A39KEX000002                      172304577                                                    280404170000030457                    3103170000000081845         K000000000011500000000000000000000000000000000000000000000000000000000000000000000000000011500000000000000000000000000                          B30000000020170404                                                          000021
1            A39K0V000002                      172005405                                                    280404170000000540                    3004170000000063848         K000000000011500000000000000000000000000000000000000000000000000000000000000000000000000011500000000000000000000000000                          B30000000020170404                                                          000022
1            A39K28000002                      172012002                                                    280404170000001200                    3004170000000063848         K000000000011500000000000000000000000000000000000000000000000000000000000000000000000000011500000000000000000000000000                          B30000000020170404                                                          000023
1            A39K2O000002                      172013874                                                    280404170000001387                    3004170000000060795         K000000000011500000000000000000000000000000000000000000000000000000000000000000000000000011500000000000000000000000000                          B30000000020170404                                                          000024
1            A39K32000002                      172015850                                                    280404170000001585                    3004170000000066901         K000000000011500000000000000000000000000000000000000000000000000000000000000000000000000011500000000000000000000000000                          B30000000020170404                                                          000025
1            A38R9M000002                      172017837                                                    280404170000001783                    3004170000000033318         K000000000011500000000000000000000000000000000000000000000000000000000000000000000000000011500000000000000000000000000                          B30000000020170404                                                          000026
1            A39K3J000002                      172018493                                                    280404170000001849                    3004170000000060795         K000000000011500000000000000000000000000000000000000000000000000000000000000000000000000011500000000000000000000000000                          B30000000020170404                                                          000027
1            A38RSO000002                      172020145                                                    280404170000002014                    3004170000000015000         K000000000011500000000000000000000000000000000000000000000000000000000000000000000000000011500000000000000000000000000                          B30000000020170404                                                          000028
1            A39K3T000002                      172020692                                                    280404170000002069                    3004170000000045530         K000000000011500000000000000000000000000000000000000000000000000000000000000000000000000011500000000000000000000000000                          B30000000020170404                                                          000029
1            A38RB2000002                      172021575                                                    280404170000002157                    3004170000000045530         K000000000011500000000000000000000000000000000000000000000000000000000000000000000000000011500000000000000000000000000                          B30000000020170404                                                          000030
1            A39K3X000002                      172022237                                                    280404170000002223                    3004170000000045530         K000000000011500000000000000000000000000000000000000000000000000000000000000000000000000011500000000000000000000000000                          B30000000020170404                                                          000031
1            A38RAK000002                      172022784                                                    280404170000002278                    3004170000000060795         K000000000011500000000000000000000000000000000000000000000000000000000000000000000000000011500000000000000000000000000                          B30000000020170404                                                          000032
1            A39K48000002                      172024213                                                    280404170000002421                    3004170000000063848         K000000000011500000000000000000000000000000000000000000000000000000000000000000000000000011500000000000000000000000000                          B30000000020170404                                                          000033
1            A38RBA000002                      172027514                                                    280404170000002751                    3004170000000033318         K000000000011500000000000000000000000000000000000000000000000000000000000000000000000000011500000000000000000000000000                          B30000000020170404                                                          000034
1            A38RBE000002                      172027840                                                    280404170000002784                    3004170000000045530         K000000000011500000000000000000000000000000000000000000000000000000000000000000000000000011500000000000000000000000000                          B30000000020170404                                                          000035
1            A39K4M000002                      172029932                                                    280404170000002993                    3004170000000078323         K000000000011500000000000000000000000000000000000000000000000000000000000000000000000000011500000000000000000000000000                          B30000000020170404                                                          000036
1            A39K56000002                      172035983                                                    280404170000003598                    3004170000000054925         K000000000011500000000000000000000000000000000000000000000000000000000000000000000000000011500000000000000000000000000                          B30000000020170404                                                          000037
1            A39K1H000002                      172040820                                                    280404170000004082                    3004170000000045530         K000000000011500000000000000000000000000000000000000000000000000000000000000000000000000011500000000000000000000000000                          B30000000020170404                                                          000038
1            A38RTI000002                      172312383                                                    280404170000031238                    3004170000000021500         K000000000011500000000000000000000000000000000000000000000000000000000000000000000000000011500000000000000000000000000                          B30000000020170404                                                          000039
1            C0000000000                       172312731                                                    06040417          090312                    0000000104583                                                              00000000000000000000003983000000010060000000000000000000000000000                          00        20170405                                                          000040
1            C0000000000                       172312731                                                    28040417          090312                    0000000000115                                                              00000000000000000000003983000000010060000000000000000000000000000                          B3        20170404                                                          000041
1            C0000000000                       172315404                                                    06040417          COMPE                     0000000098899                                                              00000000000000000000000000000000009520000000000000000000000000000                          H5        20170405                                                          000042
1            C0000000000                       172315404                                                    28040417          COMPE                     0000000000115                                                              00000000000000000000000000000000009520000000000000000000000000000                          B3        20170404                                                          000043
9274826431                                                                                                                                                                                                                                                                                                                                                                                                000044
