02RETORNO01COBRANCA       2643103361110000177                               748BANSICREDI     20170320        0000124                                                                                                                                                                                                                                                                                 1.00000001
1            A38RCI000001                      172032550                                                    031703170000003255                    2802170000000061610         K000000000000000000000000000000000000000000000000000000000000000000000000000000000000000000000000000000000000000000000                          6300000000                                                                  000002
1            A39K4Z000002                      172042661                                                    021703170000004266                    3103170000000021500         K000000000000000000000000000000000000000000000000000000000000000000000000000000000000000000000000000000000000000000000                          0000000000                                                                  000003
1            A39K4Z000002                      172042670                                                    021703170000004267                    3004170000000021500         K000000000000000000000000000000000000000000000000000000000000000000000000000000000000000000000000000000000000000000000                          0000000000                                                                  000004
1            A39K4Z000002                      172042688                                                    021703170000004268                    3105170000000021500         K000000000000000000000000000000000000000000000000000000000000000000000000000000000000000000000000000000000000000000000                          0000000000                                                                  000005
1            A39K4Z000002                      172042696                                                    021703170000004269                    3006170000000021500         K000000000000000000000000000000000000000000000000000000000000000000000000000000000000000000000000000000000000000000000                          0000000000                                                                  000006
1            A39K4Z000002                      172042700                                                    021703170000004270                    3107170000000021500         K000000000000000000000000000000000000000000000000000000000000000000000000000000000000000000000000000000000000000000000                          0000000000                                                                  000007
1            A39K4Z000002                      172042718                                                    021703170000004271                    3108170000000021500         K000000000000000000000000000000000000000000000000000000000000000000000000000000000000000000000000000000000000000000000                          0000000000                                                                  000008
1            A39K4Z000002                      172042726                                                    021703170000004272                    3009170000000021500         K000000000000000000000000000000000000000000000000000000000000000000000000000000000000000000000000000000000000000000000                          0000000000                                                                  000009
1            A39K4Z000002                      172042734                                                    021703170000004273                    3110170000000021500         K000000000000000000000000000000000000000000000000000000000000000000000000000000000000000000000000000000000000000000000                          0000000000                                                                  000010
1            A00000000002                      172042742                                                    031703170000004274                    3011170000000000000         K000000000000000000000000000000000000000000000000000000000000000000000000000000000000000000000000000000000000000000000                          2000000000                                                                  000011
1            A00000000002                      172042750                                                    031703170000004275                    3112170000000000000         K000000000000000000000000000000000000000000000000000000000000000000000000000000000000000000000000000000000000000000000                          2000000000                                                                  000012
1            A39K04000002                      172001973                                                    031703170000000197                    2802170000000069954         K000000000000000000000000000000000000000000000000000000000000000000000000000000000000000000000000000000000000000000000                          6300000000                                                                  000013
1            A39K04000002                      172001981                                                    031703170000000198                    3103170000000069954         K000000000000000000000000000000000000000000000000000000000000000000000000000000000000000000000000000000000000000000000                          6300000000                                                                  000014
1            A39K04000002                      172001990                                                    031703170000000199                    3004170000000069954         K000000000000000000000000000000000000000000000000000000000000000000000000000000000000000000000000000000000000000000000                          6300000000                                                                  000015
1            A39K04000002                      172002007                                                    031703170000000200                    3105170000000069954         K000000000000000000000000000000000000000000000000000000000000000000000000000000000000000000000000000000000000000000000                          6300000000                                                                  000016
1            A39K04000002                      172002015                                                    031703170000000201                    3006170000000069954         K000000000000000000000000000000000000000000000000000000000000000000000000000000000000000000000000000000000000000000000                          6300000000                                                                  000017
1            A39K04000002                      172002023                                                    031703170000000202                    3107170000000069954         K000000000000000000000000000000000000000000000000000000000000000000000000000000000000000000000000000000000000000000000                          6300000000                                                                  000018
1            A39K04000002                      172002031                                                    031703170000000203                    3108170000000069954         K000000000000000000000000000000000000000000000000000000000000000000000000000000000000000000000000000000000000000000000                          6300000000                                                                  000019
1            A39K04000002                      172002040                                                    031703170000000204                    3009170000000069954         K000000000000000000000000000000000000000000000000000000000000000000000000000000000000000000000000000000000000000000000                          6300000000                                                                  000020
1            A39K04000002                      172002058                                                    031703170000000205                    3110170000000054954         K000000000000000000000000000000000000000000000000000000000000000000000000000000000000000000000000000000000000000000000                          6300000000                                                                  000021
1            A39K04000002                      172002066                                                    031703170000000206                    3011170000000054954         K000000000000000000000000000000000000000000000000000000000000000000000000000000000000000000000000000000000000000000000                          6300000000                                                                  000022
1            A39K04000002                      172002074                                                    031703170000000207                    3112170000000054954         K000000000000000000000000000000000000000000000000000000000000000000000000000000000000000000000000000000000000000000000                          6300000000                                                                  000023
1            A00000000002                      172042548                                                    031703170000004254                    2802170000000045530         K000000000000000000000000000000000000000000000000000000000000000000000000000000000000000000000000000000000000000000000                          4800000000                                                                  000024
1            A00000000002                      172042556                                                    031703170000004255                    3103170000000045530         K000000000000000000000000000000000000000000000000000000000000000000000000000000000000000000000000000000000000000000000                          4800000000                                                                  000025
1            A00000000002                      172042564                                                    031703170000004256                    3004170000000045530         K000000000000000000000000000000000000000000000000000000000000000000000000000000000000000000000000000000000000000000000                          4800000000                                                                  000026
1            A00000000002                      172042572                                                    031703170000004257                    3105170000000045530         K000000000000000000000000000000000000000000000000000000000000000000000000000000000000000000000000000000000000000000000                          4800000000                                                                  000027
1            A00000000002                      172042580                                                    031703170000004258                    3006170000000045530         K000000000000000000000000000000000000000000000000000000000000000000000000000000000000000000000000000000000000000000000                          4800000000                                                                  000028
1            A00000000002                      172042599                                                    031703170000004259                    3107170000000045530         K000000000000000000000000000000000000000000000000000000000000000000000000000000000000000000000000000000000000000000000                          4800000000                                                                  000029
1            A00000000002                      172042602                                                    031703170000004260                    3108170000000045530         K000000000000000000000000000000000000000000000000000000000000000000000000000000000000000000000000000000000000000000000                          4800000000                                                                  000030
1            A00000000002                      172042610                                                    031703170000004261                    3009170000000045530         K000000000000000000000000000000000000000000000000000000000000000000000000000000000000000000000000000000000000000000000                          4800000000                                                                  000031
1            A00000000002                      172042629                                                    031703170000004262                    3110170000000030530         K000000000000000000000000000000000000000000000000000000000000000000000000000000000000000000000000000000000000000000000                          4800000000                                                                  000032
1            A00000000002                      172042637                                                    031703170000004263                    3011170000000030530         K000000000000000000000000000000000000000000000000000000000000000000000000000000000000000000000000000000000000000000000                          4800000000                                                                  000033
1            A00000000002                      172042645                                                    031703170000004264                    3112170000000030530         K000000000000000000000000000000000000000000000000000000000000000000000000000000000000000000000000000000000000000000000                          4800000000                                                                  000034
1            A39K16000002                      172006711                                                    061703170000000671COMPE               3103170000000045530         K000000000000000000000000000000000000000000000000000000000000000000000000000000000000004553000000000000000000000000000                          H50000000020170320                                                          000035
1            A39K3G000002                      172017608                                                    061703170000001760COMPE               3103170000000060795         K000000000000000000000000000000000000000000000000000000000000000000000000000000000000006079500000000000000000000000000                          H50000000020170320                                                          000036
1            A38RC7000002                      172035525                                                    061703170000003552COMPE               2802170000000048240         K000000000000000000000000000000000000000000000000000000000000000000000000000000000000004841400000000000000000000000000                          H50000000020170320                                                          000037
1            A39K16000002                      172006711                                                    281703170000000671                    3103170000000045530         K000000000011500000000000000000000000000000000000000000000000000000000000000000000000000011500000000000000000000000000                          B30000000020170317                                                          000038
1            A39K3G000002                      172017608                                                    281703170000001760                    3103170000000060795         K000000000011500000000000000000000000000000000000000000000000000000000000000000000000000011500000000000000000000000000                          B30000000020170317                                                          000039
1            A38RC7000002                      172035525                                                    281703170000003552                    2802170000000048240         K000000000011500000000000000000000000000000000000000000000000000000000000000000000000000011500000000000000000000000000                          B30000000020170317                                                          000040
1            C0000000000                       172307371                                                    06170317          090312                    0000000081845                                                              00000000000000000000000000000000008184500000000000000000000000000                          00        20170320                                                          000041
1            C0000000000                       172307371                                                    28170317          090312                    0000000000115                                                              00000000000000000000000000000000008184500000000000000000000000000                          B3        20170317                                                          000042
9274826431                                                                                                                                                                                                                                                                                                                                                                                                000043
