02RETORNO01COBRANCA       2643103361110000177                               748BANSICREDI     20170323        0000127                                                                                                                                                                                                                                                                                 1.00000001
1            A38RMR000002                      172013971                                                    062203170000001397090316              3103170000000057742         K000000000000000000000000000000000000000000000000000000000000000000000000000000000000005774200000000000000000000000000                          000000000020170323                                                          000002
1            A39KEG000002                      172316214                                                    022203170000031621                    3004170000000085268         K000000000000000000000000000000000000000000000000000000000000000000000000000000000000000000000000000000000000000000000                          0000000000                                                                  000003
1            A39KEG000002                      172316222                                                    022203170000031622                    3105170000000085268         K000000000000000000000000000000000000000000000000000000000000000000000000000000000000000000000000000000000000000000000                          0000000000                                                                  000004
1            A39KEG000002                      172316230                                                    022203170000031623                    3006170000000085268         K000000000000000000000000000000000000000000000000000000000000000000000000000000000000000000000000000000000000000000000                          0000000000                                                                  000005
1            A39KEG000002                      172316249                                                    022203170000031624                    3107170000000085268         K000000000000000000000000000000000000000000000000000000000000000000000000000000000000000000000000000000000000000000000                          0000000000                                                                  000006
1            A39KEG000002                      172316257                                                    022203170000031625                    3108170000000085268         K000000000000000000000000000000000000000000000000000000000000000000000000000000000000000000000000000000000000000000000                          0000000000                                                                  000007
1            A39KEG000002                      172316265                                                    022203170000031626                    3009170000000085268         K000000000000000000000000000000000000000000000000000000000000000000000000000000000000000000000000000000000000000000000                          0000000000                                                                  000008
1            A39KEG000002                      172316273                                                    022203170000031627                    3110170000000085268         K000000000000000000000000000000000000000000000000000000000000000000000000000000000000000000000000000000000000000000000                          0000000000                                                                  000009
1            A39NEY000002                      172315986                                                    022203170000031598                    3103170000000104583         K000000000000000000000000000000000000000000000000000000000000000000000000000000000000000000000000000000000000000000000                          0000000000                                                                  000010
1            A39NEY000002                      172315994                                                    022203170000031599                    3004170000000104583         K000000000000000000000000000000000000000000000000000000000000000000000000000000000000000000000000000000000000000000000                          0000000000                                                                  000011
1            A39NEY000002                      172316001                                                    022203170000031600                    3105170000000104583         K000000000000000000000000000000000000000000000000000000000000000000000000000000000000000000000000000000000000000000000                          0000000000                                                                  000012
1            A39NEY000002                      172316010                                                    022203170000031601                    3006170000000104583         K000000000000000000000000000000000000000000000000000000000000000000000000000000000000000000000000000000000000000000000                          0000000000                                                                  000013
1            A39NEY000002                      172316028                                                    022203170000031602                    3107170000000104583         K000000000000000000000000000000000000000000000000000000000000000000000000000000000000000000000000000000000000000000000                          0000000000                                                                  000014
1            A39NEY000002                      172316036                                                    022203170000031603                    3108170000000104583         K000000000000000000000000000000000000000000000000000000000000000000000000000000000000000000000000000000000000000000000                          0000000000                                                                  000015
1            A39NEY000002                      172316044                                                    022203170000031604                    3009170000000104583         K000000000000000000000000000000000000000000000000000000000000000000000000000000000000000000000000000000000000000000000                          0000000000                                                                  000016
1            A39NEY000002                      172316052                                                    022203170000031605                    3110170000000104583         K000000000000000000000000000000000000000000000000000000000000000000000000000000000000000000000000000000000000000000000                          0000000000                                                                  000017
1            A39NEY000002                      172316060                                                    022203170000031606                    3011170000000104583         K000000000000000000000000000000000000000000000000000000000000000000000000000000000000000000000000000000000000000000000                          0000000000                                                                  000018
1            A39NEY000002                      172316079                                                    022203170000031607                    3112170000000104583         K000000000000000000000000000000000000000000000000000000000000000000000000000000000000000000000000000000000000000000000                          0000000000                                                                  000019
1            A39NEZ000001                      172316087                                                    022203170000031608                    3103170000000127321         K000000000000000000000000000000000000000000000000000000000000000000000000000000000000000000000000000000000000000000000                          0000000000                                                                  000020
1            A39NEZ000001                      172316095                                                    022203170000031609                    3004170000000127321         K000000000000000000000000000000000000000000000000000000000000000000000000000000000000000000000000000000000000000000000                          0000000000                                                                  000021
1            A39NEZ000001                      172316109                                                    022203170000031610                    3105170000000127321         K000000000000000000000000000000000000000000000000000000000000000000000000000000000000000000000000000000000000000000000                          0000000000                                                                  000022
1            A39NEZ000001                      172316117                                                    022203170000031611                    3006170000000127321         K000000000000000000000000000000000000000000000000000000000000000000000000000000000000000000000000000000000000000000000                          0000000000                                                                  000023
1            A39NEZ000001                      172316125                                                    022203170000031612                    3107170000000127321         K000000000000000000000000000000000000000000000000000000000000000000000000000000000000000000000000000000000000000000000                          0000000000                                                                  000024
1            A39NEZ000001                      172316133                                                    022203170000031613                    3108170000000127321         K000000000000000000000000000000000000000000000000000000000000000000000000000000000000000000000000000000000000000000000                          0000000000                                                                  000025
1            A39NEZ000001                      172316141                                                    022203170000031614                    3009170000000127321         K000000000000000000000000000000000000000000000000000000000000000000000000000000000000000000000000000000000000000000000                          0000000000                                                                  000026
1            A39NEZ000001                      172316150                                                    022203170000031615                    3110170000000127321         K000000000000000000000000000000000000000000000000000000000000000000000000000000000000000000000000000000000000000000000                          0000000000                                                                  000027
1            A39NEZ000001                      172316168                                                    022203170000031616                    3011170000000127321         K000000000000000000000000000000000000000000000000000000000000000000000000000000000000000000000000000000000000000000000                          0000000000                                                                  000028
1            A39NEZ000001                      172316176                                                    022203170000031617                    3112170000000127321         K000000000000000000000000000000000000000000000000000000000000000000000000000000000000000000000000000000000000000000000                          0000000000                                                                  000029
1            A39K2Z000002                      172015290                                                    062203170000001529COMPE               3103170000000057742         K000000000000000000000000000000000000000000000000000000000000000000000000000000000000005774200000000000000000000000000                          H50000000020170323                                                          000030
1            A38RMR000002                      172013971                                                    282203170000001397                    3103170000000057742         K000000000011500000000000000000000000000000000000000000000000000000000000000000000000000011500000000000000000000000000                          B30000000020170322                                                          000031
1            A39K2Z000002                      172015290                                                    282203170000001529                    3103170000000057742         K000000000011500000000000000000000000000000000000000000000000000000000000000000000000000011500000000000000000000000000                          B30000000020170322                                                          000032
9274826431                                                                                                                                                                                                                                                                                                                                                                                                000033
