02RETORNO01COBRANCA       2643103361110000177                               748BANSICREDI     20170316        0000122                                                                                                                                                                                                                                                                                 1.00000001
1            A39K18000002                      172007033                                                    061503170000000703090302              2802170000000015000         K000000000000000000000000000000000000000000000000000000000000000000000000000000000000001504800000000000450000000000003                          000000000020170316                                                          000002
1            A39K0G000002                      172003526                                                    061503170000000352COMPE               3103170000000060795         K000000000000000000000000000000000000000000000000000000000000000000000000000000000000006079500000000000000000000000000                          H50000000020170316                                                          000003
1            A39K12000002                      172006169                                                    061503170000000616COMPE               3103170000000057742         K000000000000000000000000000000000000000000000000000000000000000000000000000000000000005774200000000000000000000000000                          H50000000020170316                                                          000004
1            A39K1L000002                      172008692                                                    061503170000000869COMPE               3103170000000051636         K000000000000000000000000000000000000000000000000000000000000000000000000000000000000005163600000000000000000000000000                          H50000000020170316                                                          000005
1            A38RD9000002                      172028278                                                    061503170000002827COMPE               3103170000000071638         K000000000000000000000000000000000000000000000000000000000000000000000000000000000000007163800000000000000000000000000                          H50000000020170316                                                          000006
1            A38RBO000002                      172030353                                                    061503170000003035COMPE               2802170000000054925         K000000000000000000000000000000000000000000000000000000000000000000000000000000000000005510000000000000000000000000000                          H50000000020170316                                                          000007
1            A39K18000002                      172007033                                                    281503170000000703                    2802170000000015000         K000000000011500000000000000000000000000000000000000000000000000000000000000000000000000011500000000000000000000000000                          B30000000020170315                                                          000008
1            A39K0G000002                      172003526                                                    281503170000000352                    3103170000000060795         K000000000011500000000000000000000000000000000000000000000000000000000000000000000000000011500000000000000000000000000                          B30000000020170315                                                          000009
1            A39K12000002                      172006169                                                    281503170000000616                    3103170000000057742         K000000000011500000000000000000000000000000000000000000000000000000000000000000000000000011500000000000000000000000000                          B30000000020170315                                                          000010
1            A39K1L000002                      172008692                                                    281503170000000869                    3103170000000051636         K000000000011500000000000000000000000000000000000000000000000000000000000000000000000000011500000000000000000000000000                          B30000000020170315                                                          000011
1            A38RD9000002                      172028278                                                    281503170000002827                    3103170000000071638         K000000000011500000000000000000000000000000000000000000000000000000000000000000000000000011500000000000000000000000000                          B30000000020170315                                                          000012
1            A38RBO000002                      172030353                                                    281503170000003035                    2802170000000054925         K000000000011500000000000000000000000000000000000000000000000000000000000000000000000000011500000000000000000000000000                          B30000000020170315                                                          000013
9274826431                                                                                                                                                                                                                                                                                                                                                                                                000014
