02RETORNO01COBRANCA       2643103361110000177                               748BANSICREDI     20170427        0000149                                                                                                                                                                                                                                                                                 1.00000001
1            A38RB6000002                      172026844                                                    062604170000002684090325              3103170000000030265         K000000000000000000000000000000000000000000000000000000000000000000000000000000000000003102600000000001560000000000605                          000000000020170427                                                          000002
1            A39K4H000002                      172028723                                                    062604170000002872COMPE               3004170000000074980         K000000000000000000000000000000000000000000000000000000000000000000000000000000000000007498000000000000000000000000000                          H50000000020170427                                                          000003
1            A39K1H000002                      172040839                                                    062604170000004083COMPE               3105170000000045530         K000000000000000000000000000000000000000000000000000000000000000000000000000000000000004400000000000000000000000000000                          H50000000020170427                                                          000004
1            A38RDM000002                      172311492                                                    062604170000031149COMPE               3004170000000074980         K000000000000000000000000000000000000000000000000000000000000000000000000000000000000007498000000000000000000000000000                          H50000000020170427                                                          000005
1            A39NEZ000001                      172316095                                                    062604170000031609COMPE               3004170000000127321         K000000000000000000000000000000000000000000000000000000000000000000000000000000000000012732100000000000000000000000000                          H50000000020170427                                                          000006
1            A38RB6000002                      172026844                                                    282604170000002684                    3103170000000030265         K000000000011500000000000000000000000000000000000000000000000000000000000000000000000000011500000000000000000000000000                          B30000000020170426                                                          000007
1            A39K4H000002                      172028723                                                    282604170000002872                    3004170000000074980         K000000000011500000000000000000000000000000000000000000000000000000000000000000000000000011500000000000000000000000000                          B30000000020170426                                                          000008
1            A39K1H000002                      172040839                                                    282604170000004083                    3105170000000045530         K000000000011500000000000000000000000000000000000000000000000000000000000000000000000000011500000000000000000000000000                          B30000000020170426                                                          000009
1            A38RDM000002                      172311492                                                    282604170000031149                    3004170000000074980         K000000000011500000000000000000000000000000000000000000000000000000000000000000000000000011500000000000000000000000000                          B30000000020170426                                                          000010
1            A39NEZ000001                      172316095                                                    282604170000031609                    3004170000000127321         K000000000011500000000000000000000000000000000000000000000000000000000000000000000000000011500000000000000000000000000                          B30000000020170426                                                          000011
9274826431                                                                                                                                                                                                                                                                                                                                                                                                000012
