02RETORNO01COBRANCA       2643103361110000177                               748BANSICREDI     20170609        0000177                                                                                                                                                                                                                                                                                 1.00000001
1            A38RA6000002                      172017527                                                    060806170000001752090316              3006170000000054689         K000000000000000000000000000000000000000000000000000000000000000000000000001989000000005270000000000000000000000000000                          000000000020170609                                                          000002
1            A39K3A000002                      172016865                                                    060806170000001686090318              3006170000000076060         K000000000000000000000000000000000000000000000000000000000000030600000000000000000000007300000000000000000000000000000                          000000000020170609                                                          000003
1            A39K0K000002                      172003992                                                    060806170000000399COMPE               3006170000000060795         K000000000000000000000000000000000000000000000000000000000000000000000000000000000000005850000000000000000000000000000                          H50000000020170609                                                          000004
1            A39K1W000002                      172010158                                                    060806170000001015COMPE               3006170000000057742         K000000000000000000000000000000000000000000000000000000000000000000000000000000000000005560000000000000000000000000000                          H50000000020170609                                                          000005
1            A39K36000002                      172016423                                                    060806170000001642COMPE               3006170000000066901         K000000000000000000000000000000000000000000000000000000000000000000000000000000000000006430000000000000000000000000000                          H50000000020170609                                                          000006
1            A39K39000002                      172016750                                                    060806170000001675COMPE               3006170000000045530         K000000000000000000000000000000000000000000000000000000000000000000000000000000000000004400000000000000000000000000000                          H50000000020170609                                                          000007
1            A39K3Q000002                      172020277                                                    060806170000002027COMPE               3006170000000051636         K000000000000000000000000000000000000000000000000000000000000000000000000000000000000004980000000000000000000000000000                          H50000000020170609                                                          000008
1            A38RAU000002                      172023900                                                    060806170000002390COMPE               3006170000000063848         K000000000000000000000000000000000000000000000000000000000000000000000000000000000000006140000000000000000000000000000                          H50000000020170609                                                          000009
1            A38RA4000002                      172028197                                                    060806170000002819COMPE               3006170000000063848         K000000000000000000000000000000000000000000000000000000000000000000000000000000000000006140000000000000000000000000000                          H50000000020170609                                                          000010
1            A38RD9000002                      172028308                                                    060806170000002830COMPE               3006170000000071638         K000000000000000000000000000000000000000000000000000000000000000000000000000000000000006912500000000000000000000000000                          H50000000020170609                                                          000011
1            A38RCT000001                      172029517                                                    060806170000002951COMPE               3006170000000041555         K000000000000000000000000000000000000000000000000000000000000000000000000000000000000004055000000000000000000000000000                          H50000000020170609                                                          000012
1            A39K4V000002                      172032704                                                    060806170000003270COMPE               3006170000000068295         K000000000000000000000000000000000000000000000000000000000000000000000000000000000000006595000000000000000000000000000                          H50000000020170609                                                          000013
1            A38RBY000002                      172033140                                                    060806170000003314COMPE               3006170000000068295         K000000000000000000000000000000000000000000000000000000000000000000000000000000000000006595000000000000000000000000000                          H50000000020170609                                                          000014
1            A38RBI000002                      172035010                                                    060806170000003501COMPE               3006170000000054925         K000000000000000000000000000000000000000000000000000000000000000000000000000000000000005325000000000000000000000000000                          H50000000020170609                                                          000015
1            A39K53000002                      172035673                                                    060806170000003567COMPE               3006170000000074980         K000000000000000000000000000000000000000000000000000000000000000000000000000000000000007230000000000000000000000000000                          H50000000020170609                                                          000016
1            A39K5N000002                      172039857                                                    060806170000003985COMPE               3006170000000061610         K000000000000000000000000000000000000000000000000000000000000000000000000000000000000005960000000000000000000000000000                          H50000000020170609                                                          000017
1            A39KED000001                      172303112                                                    060806170000030311COMPE               3006170000000093214         K000000000000000000000000000000000000000000000000000000000000000000000000000000000000008980000000000000000000000000000                          H50000000020170609                                                          000018
1            A39NRY000002                      172316303                                                    060806170000031630COMPE               3006170000000093214         K000000000000000000000000000000000000000000000000000000000000000000000000000000000000008980000000000000000000000000000                          H50000000020170609                                                          000019
1            A38RA6000002                      172017527                                                    280806170000001752                    3006170000000054689         K000000000011500000000000000000000000000000000000000000000000000000000000000000000000000011500000000000000000000000000                          B30000000020170608                                                          000020
1            A39K3A000002                      172016865                                                    280806170000001686                    3006170000000076060         K000000000011500000000000000000000000000000000000000000000000000000000000000000000000000011500000000000000000000000000                          B30000000020170608                                                          000021
1            A39K0K000002                      172003992                                                    280806170000000399                    3006170000000060795         K000000000011500000000000000000000000000000000000000000000000000000000000000000000000000011500000000000000000000000000                          B30000000020170608                                                          000022
1            A39K1W000002                      172010158                                                    280806170000001015                    3006170000000057742         K000000000011500000000000000000000000000000000000000000000000000000000000000000000000000011500000000000000000000000000                          B30000000020170608                                                          000023
1            A39K36000002                      172016423                                                    280806170000001642                    3006170000000066901         K000000000011500000000000000000000000000000000000000000000000000000000000000000000000000011500000000000000000000000000                          B30000000020170608                                                          000024
1            A39K39000002                      172016750                                                    280806170000001675                    3006170000000045530         K000000000011500000000000000000000000000000000000000000000000000000000000000000000000000011500000000000000000000000000                          B30000000020170608                                                          000025
1            A39K3Q000002                      172020277                                                    280806170000002027                    3006170000000051636         K000000000011500000000000000000000000000000000000000000000000000000000000000000000000000011500000000000000000000000000                          B30000000020170608                                                          000026
1            A38RAU000002                      172023900                                                    280806170000002390                    3006170000000063848         K000000000011500000000000000000000000000000000000000000000000000000000000000000000000000011500000000000000000000000000                          B30000000020170608                                                          000027
1            A38RA4000002                      172028197                                                    280806170000002819                    3006170000000063848         K000000000011500000000000000000000000000000000000000000000000000000000000000000000000000011500000000000000000000000000                          B30000000020170608                                                          000028
1            A38RD9000002                      172028308                                                    280806170000002830                    3006170000000071638         K000000000011500000000000000000000000000000000000000000000000000000000000000000000000000011500000000000000000000000000                          B30000000020170608                                                          000029
1            A38RCT000001                      172029517                                                    280806170000002951                    3006170000000041555         K000000000011500000000000000000000000000000000000000000000000000000000000000000000000000011500000000000000000000000000                          B30000000020170608                                                          000030
1            A39K4V000002                      172032704                                                    280806170000003270                    3006170000000068295         K000000000011500000000000000000000000000000000000000000000000000000000000000000000000000011500000000000000000000000000                          B30000000020170608                                                          000031
1            A38RBY000002                      172033140                                                    280806170000003314                    3006170000000068295         K000000000011500000000000000000000000000000000000000000000000000000000000000000000000000011500000000000000000000000000                          B30000000020170608                                                          000032
1            A38RBI000002                      172035010                                                    280806170000003501                    3006170000000054925         K000000000011500000000000000000000000000000000000000000000000000000000000000000000000000011500000000000000000000000000                          B30000000020170608                                                          000033
1            A39K53000002                      172035673                                                    280806170000003567                    3006170000000074980         K000000000011500000000000000000000000000000000000000000000000000000000000000000000000000011500000000000000000000000000                          B30000000020170608                                                          000034
1            A39K5N000002                      172039857                                                    280806170000003985                    3006170000000061610         K000000000011500000000000000000000000000000000000000000000000000000000000000000000000000011500000000000000000000000000                          B30000000020170608                                                          000035
1            A39KED000001                      172303112                                                    280806170000030311                    3006170000000093214         K000000000011500000000000000000000000000000000000000000000000000000000000000000000000000011500000000000000000000000000                          B30000000020170608                                                          000036
1            A39NRY000002                      172316303                                                    280806170000031630                    3006170000000093214         K000000000011500000000000000000000000000000000000000000000000000000000000000000000000000011500000000000000000000000000                          B30000000020170608                                                          000037
1            C0000000000                       172304801                                                    06080617          COMPE                     0000000127321                                                              00000000000000000000000000000000012220100000000000000000000000000                          H5        20170609                                                          000038
1            C0000000000                       172304801                                                    28080617          COMPE                     0000000000115                                                              00000000000000000000000000000000012220100000000000000000000000000                          B3        20170608                                                          000039
1            C0000000000                       172315420                                                    06080617          COMPE                     0000000073899                                                              00000000000000000000000000000000007020000000000000000000000000000                          H5        20170609                                                          000040
1            C0000000000                       172315420                                                    28080617          COMPE                     0000000000115                                                              00000000000000000000000000000000007020000000000000000000000000000                          B3        20170608                                                          000041
9274826431                                                                                                                                                                                                                                                                                                                                                                                                000042
