02RETORNO01COBRANCA       2643103361110000177                               748BANSICREDI     20170607        0000175                                                                                                                                                                                                                                                                                 1.00000001
1            A39K4Z000002                      172042696                                                    060606170000004269090302              3006170000000021500         K000000000000000000000000000000000000000000000000000000000000000000000000000000000000002150000000000000000000000000000                          000000000020170607                                                          000002
1            A39K3G000002                      172017632                                                    060606170000001763COMPE               3006170000000060795         K000000000000000000000000000000000000000000000000000000000000000000000000000000000000005850000000000000000000000000000                          H50000000020170607                                                          000003
1            A38R9P000002                      172018299                                                    060606170000001829COMPE               3006170000000054689         K000000000000000000000000000000000000000000000000000000000000000000000000000000000000005270000000000000000000000000000                          H50000000020170607                                                          000004
1            A39K3J000002                      172018515                                                    060606170000001851COMPE               3006170000000060795         K000000000000000000000000000000000000000000000000000000000000000000000000000000000000005850000000000000000000000000000                          H50000000020170607                                                          000005
1            A38RB2000002                      172021591                                                    060606170000002159COMPE               3006170000000045530         K000000000000000000000000000000000000000000000000000000000000000000000000000000000000004400000000000000000000000000000                          H50000000020170607                                                          000006
1            A38RAX000002                      172025228                                                    060606170000002522COMPE               3006170000000060795         K000000000000000000000000000000000000000000000000000000000000000000000000000000000000005850000000000000000000000000000                          H50000000020170607                                                          000007
1            A38RBL000002                      172028855                                                    060606170000002885COMPE               3006170000000061610         K000000000000000000000000000000000000000000000000000000000000000000000000000000000000005960000000000000000000000000000                          H50000000020170607                                                          000008
1            A38RC4000002                      172039636                                                    060606170000003963COMPE               3006170000000064953         K000000000000000000000000000000000000000000000000000000000000000000000000000000000000006277500000000000000000000000000                          H50000000020170607                                                          000009
1            A39KEA000002                      172304011                                                    060606170000030401COMPE               3006170000000104583         K000000000000000000000000000000000000000000000000000000000000000000000000000000000000010060000000000000000000000000000                          H50000000020170607                                                          000010
1            A39KEY000002                      172306715                                                    060606170000030671COMPE               3006170000000104583         K000000000000000000000000000000000000000000000000000000000000000000000000000000000000010060000000000000000000000000000                          H50000000020170607                                                          000011
1            A39KEY000002                      172307010                                                    060606170000030701COMPE               3006170000000104583         K000000000000000000000000000000000000000000000000000000000000000000000000000000000000010060000000000000000000000000000                          H50000000020170607                                                          000012
1            A39KE1000002                      172310950                                                    060606170000031095COMPE               3006170000000064953         K000000000000000000000000000000000000000000000000000000000000000000000000000000000000006277500000000000000000000000000                          H50000000020170607                                                          000013
1            A39KE1000002                      172311174                                                    060606170000031117COMPE               3006170000000064953         K000000000000000000000000000000000000000000000000000000000000000000000000000000000000006277500000000000000000000000000                          H50000000020170607                                                          000014
1            A39K4Z000002                      172042696                                                    280606170000004269                    3006170000000021500         K000000000011500000000000000000000000000000000000000000000000000000000000000000000000000011500000000000000000000000000                          B30000000020170606                                                          000015
1            A39K3G000002                      172017632                                                    280606170000001763                    3006170000000060795         K000000000011500000000000000000000000000000000000000000000000000000000000000000000000000011500000000000000000000000000                          B30000000020170606                                                          000016
1            A38R9P000002                      172018299                                                    280606170000001829                    3006170000000054689         K000000000011500000000000000000000000000000000000000000000000000000000000000000000000000011500000000000000000000000000                          B30000000020170606                                                          000017
1            A39K3J000002                      172018515                                                    280606170000001851                    3006170000000060795         K000000000011500000000000000000000000000000000000000000000000000000000000000000000000000011500000000000000000000000000                          B30000000020170606                                                          000018
1            A38RB2000002                      172021591                                                    280606170000002159                    3006170000000045530         K000000000011500000000000000000000000000000000000000000000000000000000000000000000000000011500000000000000000000000000                          B30000000020170606                                                          000019
1            A38RAX000002                      172025228                                                    280606170000002522                    3006170000000060795         K000000000011500000000000000000000000000000000000000000000000000000000000000000000000000011500000000000000000000000000                          B30000000020170606                                                          000020
1            A38RBL000002                      172028855                                                    280606170000002885                    3006170000000061610         K000000000011500000000000000000000000000000000000000000000000000000000000000000000000000011500000000000000000000000000                          B30000000020170606                                                          000021
1            A38RC4000002                      172039636                                                    280606170000003963                    3006170000000064953         K000000000011500000000000000000000000000000000000000000000000000000000000000000000000000011500000000000000000000000000                          B30000000020170606                                                          000022
1            A39KEA000002                      172304011                                                    280606170000030401                    3006170000000104583         K000000000011500000000000000000000000000000000000000000000000000000000000000000000000000011500000000000000000000000000                          B30000000020170606                                                          000023
1            A39KEY000002                      172306715                                                    280606170000030671                    3006170000000104583         K000000000011500000000000000000000000000000000000000000000000000000000000000000000000000011500000000000000000000000000                          B30000000020170606                                                          000024
1            A39KEY000002                      172307010                                                    280606170000030701                    3006170000000104583         K000000000011500000000000000000000000000000000000000000000000000000000000000000000000000011500000000000000000000000000                          B30000000020170606                                                          000025
1            A39KE1000002                      172310950                                                    280606170000031095                    3006170000000064953         K000000000011500000000000000000000000000000000000000000000000000000000000000000000000000011500000000000000000000000000                          B30000000020170606                                                          000026
1            A39KE1000002                      172311174                                                    280606170000031117                    3006170000000064953         K000000000011500000000000000000000000000000000000000000000000000000000000000000000000000011500000000000000000000000000                          B30000000020170606                                                          000027
1            C0000000000                       172314424                                                    06060617          COMPE                     0000000127321                                                              00000000000000000000000000000000012220000000000000000000000000000                          H5        20170607                                                          000028
1            C0000000000                       172314424                                                    28060617          COMPE                     0000000000115                                                              00000000000000000000000000000000012220000000000000000000000000000                          B3        20170606                                                          000029
9274826431                                                                                                                                                                                                                                                                                                                                                                                                000030
