02RETORNO01COBRANCA       2643103361110000177                               748BANSICREDI     20170516        0000161                                                                                                                                                                                                                                                                                 1.00000001
1            A39QVI000002                      172043374                                                    021505170000004337                    3105170000000076060         K000000000000000000000000000000000000000000000000000000000000000000000000000000000000000000000000000000000000000000000                          0000000000                                                                  000002
1            A39QVI000002                      172043382                                                    021505170000004338                    3006170000000076060         K000000000000000000000000000000000000000000000000000000000000000000000000000000000000000000000000000000000000000000000                          0000000000                                                                  000003
1            A39QVI000002                      172043390                                                    021505170000004339                    3107170000000076060         K000000000000000000000000000000000000000000000000000000000000000000000000000000000000000000000000000000000000000000000                          0000000000                                                                  000004
1            A39QVI000002                      172043404                                                    021505170000004340                    3108170000000076060         K000000000000000000000000000000000000000000000000000000000000000000000000000000000000000000000000000000000000000000000                          0000000000                                                                  000005
1            A39QVI000002                      172043412                                                    021505170000004341                    3009170000000076060         K000000000000000000000000000000000000000000000000000000000000000000000000000000000000000000000000000000000000000000000                          0000000000                                                                  000006
1            A39QVI000002                      172043420                                                    021505170000004342                    3110170000000076060         K000000000000000000000000000000000000000000000000000000000000000000000000000000000000000000000000000000000000000000000                          0000000000                                                                  000007
1            A39QVI000002                      172043439                                                    021505170000004343                    3011170000000076060         K000000000000000000000000000000000000000000000000000000000000000000000000000000000000000000000000000000000000000000000                          0000000000                                                                  000008
1            A39QVI000002                      172043447                                                    021505170000004344                    3112170000000076060         K000000000000000000000000000000000000000000000000000000000000000000000000000000000000000000000000000000000000000000000                          0000000000                                                                  000009
1            A39QVJ000002                      172043455                                                    021505170000004345                    3105170000000057742         K000000000000000000000000000000000000000000000000000000000000000000000000000000000000000000000000000000000000000000000                          0000000000                                                                  000010
1            A39QVJ000002                      172043463                                                    021505170000004346                    3006170000000057742         K000000000000000000000000000000000000000000000000000000000000000000000000000000000000000000000000000000000000000000000                          0000000000                                                                  000011
1            A39QVJ000002                      172043471                                                    021505170000004347                    3107170000000057742         K000000000000000000000000000000000000000000000000000000000000000000000000000000000000000000000000000000000000000000000                          0000000000                                                                  000012
1            A39QVJ000002                      172043480                                                    021505170000004348                    3108170000000057742         K000000000000000000000000000000000000000000000000000000000000000000000000000000000000000000000000000000000000000000000                          0000000000                                                                  000013
1            A39QVJ000002                      172043498                                                    021505170000004349                    3009170000000057742         K000000000000000000000000000000000000000000000000000000000000000000000000000000000000000000000000000000000000000000000                          0000000000                                                                  000014
1            A39QVJ000002                      172043501                                                    021505170000004350                    3110170000000057742         K000000000000000000000000000000000000000000000000000000000000000000000000000000000000000000000000000000000000000000000                          0000000000                                                                  000015
1            A39QVJ000002                      172043510                                                    021505170000004351                    3011170000000057742         K000000000000000000000000000000000000000000000000000000000000000000000000000000000000000000000000000000000000000000000                          0000000000                                                                  000016
1            A39QVJ000002                      172043528                                                    021505170000004352                    3112170000000057742         K000000000000000000000000000000000000000000000000000000000000000000000000000000000000000000000000000000000000000000000                          0000000000                                                                  000017
1            A39QVK000002                      172043536                                                    021505170000004353                    3105170000000076060         K000000000000000000000000000000000000000000000000000000000000000000000000000000000000000000000000000000000000000000000                          0000000000                                                                  000018
1            A39QVK000002                      172043544                                                    021505170000004354                    3006170000000076060         K000000000000000000000000000000000000000000000000000000000000000000000000000000000000000000000000000000000000000000000                          0000000000                                                                  000019
1            A39QVK000002                      172043552                                                    021505170000004355                    3107170000000076060         K000000000000000000000000000000000000000000000000000000000000000000000000000000000000000000000000000000000000000000000                          0000000000                                                                  000020
1            A39QVK000002                      172043560                                                    021505170000004356                    3108170000000076060         K000000000000000000000000000000000000000000000000000000000000000000000000000000000000000000000000000000000000000000000                          0000000000                                                                  000021
1            A39QVK000002                      172043579                                                    021505170000004357                    3009170000000076060         K000000000000000000000000000000000000000000000000000000000000000000000000000000000000000000000000000000000000000000000                          0000000000                                                                  000022
1            A39QVK000002                      172043587                                                    021505170000004358                    3110170000000076060         K000000000000000000000000000000000000000000000000000000000000000000000000000000000000000000000000000000000000000000000                          0000000000                                                                  000023
1            A39QVK000002                      172043595                                                    021505170000004359                    3011170000000076060         K000000000000000000000000000000000000000000000000000000000000000000000000000000000000000000000000000000000000000000000                          0000000000                                                                  000024
1            A39QVK000002                      172043609                                                    021505170000004360                    3112170000000076060         K000000000000000000000000000000000000000000000000000000000000000000000000000000000000000000000000000000000000000000000                          0000000000                                                                  000025
1            A39KE5000002                      172312502                                                    061505170000031250090302              3004170000000021500         K000000000000000000000000000000000000000000000000000000000000000000000000000000000000002223000000000003000000000000430                          000000000020170516                                                          000026
1            A39K19000002                      172007173                                                    061505170000000717COMPE               3105170000000015000         K000000000000000000000000000000000000000000000000000000000000000000000000000000000000001500000000000000000000000000000                          H50000000020170516                                                          000027
1            A38RST000002                      172026097                                                    061505170000002609COMPE               3105170000000015000         K000000000000000000000000000000000000000000000000000000000000000000000000000000000000001500000000000000000000000000000                          H50000000020170516                                                          000028
1            A38RSU000001                      172026313                                                    061505170000002631COMPE               3105170000000015000         K000000000000000000000000000000000000000000000000000000000000000000000000000000000000001500000000000000000000000000000                          H50000000020170516                                                          000029
1            A39KE5000002                      172312502                                                    281505170000031250                    3004170000000021500         K000000000011500000000000000000000000000000000000000000000000000000000000000000000000000011500000000000000000000000000                          B30000000020170515                                                          000030
1            A39K19000002                      172007173                                                    281505170000000717                    3105170000000015000         K000000000011500000000000000000000000000000000000000000000000000000000000000000000000000011500000000000000000000000000                          B30000000020170515                                                          000031
1            A38RST000002                      172026097                                                    281505170000002609                    3105170000000015000         K000000000011500000000000000000000000000000000000000000000000000000000000000000000000000011500000000000000000000000000                          B30000000020170515                                                          000032
1            A38RSU000001                      172026313                                                    281505170000002631                    3105170000000015000         K000000000011500000000000000000000000000000000000000000000000000000000000000000000000000011500000000000000000000000000                          B30000000020170515                                                          000033
9274826431                                                                                                                                                                                                                                                                                                                                                                                                000034
