02RETORNO01COBRANCA       2643103361110000177                               748BANSICREDI     20170329        0000131                                                                                                                                                                                                                                                                                 1.00000001
1            A39K4J000001                      172029045                                                    062803170000002904090302              3103170000000021500         K000000000000000000000000000000000000000000000000000000000000000000000000000000000000002150000000000000000000000000000                          000000000020170329                                                          000002
1            A39K0V000002                      172005383                                                    032803170000000538                    2802170000000063848         K000000000000000000000000000000000000000000000000000000000000000000000000000000000000000000000000000000000000000000000                          6300000000                                                                  000003
1            A39K0V000002                      172005391                                                    032803170000000539                    3103170000000063848         K000000000000000000000000000000000000000000000000000000000000000000000000000000000000000000000000000000000000000000000                          6300000000                                                                  000004
1            A39K0V000002                      172005405                                                    032803170000000540                    3004170000000063848         K000000000000000000000000000000000000000000000000000000000000000000000000000000000000000000000000000000000000000000000                          6300000000                                                                  000005
1            A39K0V000002                      172005413                                                    032803170000000541                    3105170000000063848         K000000000000000000000000000000000000000000000000000000000000000000000000000000000000000000000000000000000000000000000                          6300000000                                                                  000006
1            A39K0V000002                      172005421                                                    032803170000000542                    3006170000000063848         K000000000000000000000000000000000000000000000000000000000000000000000000000000000000000000000000000000000000000000000                          6300000000                                                                  000007
1            A39K0V000002                      172005430                                                    032803170000000543                    3107170000000063848         K000000000000000000000000000000000000000000000000000000000000000000000000000000000000000000000000000000000000000000000                          6300000000                                                                  000008
1            A39K0V000002                      172005448                                                    032803170000000544                    3108170000000063848         K000000000000000000000000000000000000000000000000000000000000000000000000000000000000000000000000000000000000000000000                          6300000000                                                                  000009
1            A39K0V000002                      172005456                                                    032803170000000545                    3009170000000063848         K000000000000000000000000000000000000000000000000000000000000000000000000000000000000000000000000000000000000000000000                          6300000000                                                                  000010
1            A39K0V000002                      172005464                                                    032803170000000546                    3110170000000048848         K000000000000000000000000000000000000000000000000000000000000000000000000000000000000000000000000000000000000000000000                          6300000000                                                                  000011
1            A39K0V000002                      172005472                                                    032803170000000547                    3011170000000048848         K000000000000000000000000000000000000000000000000000000000000000000000000000000000000000000000000000000000000000000000                          6300000000                                                                  000012
1            A39K0V000002                      172005480                                                    032803170000000548                    3112170000000048848         K000000000000000000000000000000000000000000000000000000000000000000000000000000000000000000000000000000000000000000000                          6300000000                                                                  000013
1            A39NRV000002                      172042866                                                    022803170000004286                    3103170000000069954         K000000000000000000000000000000000000000000000000000000000000000000000000000000000000000000000000000000000000000000000                          0000000000                                                                  000014
1            A39NRV000002                      172042874                                                    022803170000004287                    3004170000000069954         K000000000000000000000000000000000000000000000000000000000000000000000000000000000000000000000000000000000000000000000                          0000000000                                                                  000015
1            A39NRV000002                      172042882                                                    022803170000004288                    3105170000000069954         K000000000000000000000000000000000000000000000000000000000000000000000000000000000000000000000000000000000000000000000                          0000000000                                                                  000016
1            A39NRV000002                      172042890                                                    022803170000004289                    3006170000000069954         K000000000000000000000000000000000000000000000000000000000000000000000000000000000000000000000000000000000000000000000                          0000000000                                                                  000017
1            A39NRV000002                      172042904                                                    022803170000004290                    3107170000000069954         K000000000000000000000000000000000000000000000000000000000000000000000000000000000000000000000000000000000000000000000                          0000000000                                                                  000018
1            A39NRV000002                      172042912                                                    022803170000004291                    3108170000000069954         K000000000000000000000000000000000000000000000000000000000000000000000000000000000000000000000000000000000000000000000                          0000000000                                                                  000019
1            A39NRV000002                      172042920                                                    022803170000004292                    3009170000000069954         K000000000000000000000000000000000000000000000000000000000000000000000000000000000000000000000000000000000000000000000                          0000000000                                                                  000020
1            A39NRV000002                      172042939                                                    022803170000004293                    3110170000000069954         K000000000000000000000000000000000000000000000000000000000000000000000000000000000000000000000000000000000000000000000                          0000000000                                                                  000021
1            A39NRV000002                      172042947                                                    022803170000004294                    3011170000000054954         K000000000000000000000000000000000000000000000000000000000000000000000000000000000000000000000000000000000000000000000                          0000000000                                                                  000022
1            A39NRV000002                      172042955                                                    022803170000004295                    3112170000000054954         K000000000000000000000000000000000000000000000000000000000000000000000000000000000000000000000000000000000000000000000                          0000000000                                                                  000023
1            A39NRW000002                      172042777                                                    022803170000004277                    3004170000000076060         K000000000000000000000000000000000000000000000000000000000000000000000000000000000000000000000000000000000000000000000                          0000000000                                                                  000024
1            A39NRW000002                      172042785                                                    022803170000004278                    3105170000000076060         K000000000000000000000000000000000000000000000000000000000000000000000000000000000000000000000000000000000000000000000                          0000000000                                                                  000025
1            A39NRW000002                      172042793                                                    022803170000004279                    3006170000000076060         K000000000000000000000000000000000000000000000000000000000000000000000000000000000000000000000000000000000000000000000                          0000000000                                                                  000026
1            A39NRW000002                      172042807                                                    022803170000004280                    3107170000000076060         K000000000000000000000000000000000000000000000000000000000000000000000000000000000000000000000000000000000000000000000                          0000000000                                                                  000027
1            A39NRW000002                      172042815                                                    022803170000004281                    3108170000000076060         K000000000000000000000000000000000000000000000000000000000000000000000000000000000000000000000000000000000000000000000                          0000000000                                                                  000028
1            A39NRW000002                      172042823                                                    022803170000004282                    3009170000000076060         K000000000000000000000000000000000000000000000000000000000000000000000000000000000000000000000000000000000000000000000                          0000000000                                                                  000029
1            A39NRW000002                      172042831                                                    022803170000004283                    3110170000000076060         K000000000000000000000000000000000000000000000000000000000000000000000000000000000000000000000000000000000000000000000                          0000000000                                                                  000030
1            A39NRW000002                      172042840                                                    022803170000004284                    3011170000000076060         K000000000000000000000000000000000000000000000000000000000000000000000000000000000000000000000000000000000000000000000                          0000000000                                                                  000031
1            A39NRW000002                      172042858                                                    022803170000004285                    3112170000000061060         K000000000000000000000000000000000000000000000000000000000000000000000000000000000000000000000000000000000000000000000                          0000000000                                                                  000032
1            A38RDQ000002                      172316397                                                    022803170000031639                    3004170000000061610         K000000000000000000000000000000000000000000000000000000000000000000000000000000000000000000000000000000000000000000000                          0000000000                                                                  000033
1            A38RDQ000002                      172316400                                                    022803170000031640                    3105170000000061610         K000000000000000000000000000000000000000000000000000000000000000000000000000000000000000000000000000000000000000000000                          0000000000                                                                  000034
1            A38RDQ000002                      172316419                                                    022803170000031641                    3006170000000061610         K000000000000000000000000000000000000000000000000000000000000000000000000000000000000000000000000000000000000000000000                          0000000000                                                                  000035
1            A38RDQ000002                      172316427                                                    022803170000031642                    3107170000000061610         K000000000000000000000000000000000000000000000000000000000000000000000000000000000000000000000000000000000000000000000                          0000000000                                                                  000036
1            A38RDQ000002                      172316435                                                    022803170000031643                    3108170000000061610         K000000000000000000000000000000000000000000000000000000000000000000000000000000000000000000000000000000000000000000000                          0000000000                                                                  000037
1            A38RDQ000002                      172316443                                                    022803170000031644                    3009170000000061610         K000000000000000000000000000000000000000000000000000000000000000000000000000000000000000000000000000000000000000000000                          0000000000                                                                  000038
1            A38RDQ000002                      172316451                                                    022803170000031645                    3110170000000061610         K000000000000000000000000000000000000000000000000000000000000000000000000000000000000000000000000000000000000000000000                          0000000000                                                                  000039
1            A38RDQ000002                      172316460                                                    022803170000031646                    3011170000000040110         K000000000000000000000000000000000000000000000000000000000000000000000000000000000000000000000000000000000000000000000                          0000000000                                                                  000040
1            A38RDQ000002                      172316478                                                    022803170000031647                    3112170000000040110         K000000000000000000000000000000000000000000000000000000000000000000000000000000000000000000000000000000000000000000000                          0000000000                                                                  000041
1            A39MMS000002                      172315684                                                    032803170000031568                    3103170000000081845         K000000000000000000000000000000000000000000000000000000000000000000000000000000000000000000000000000000000000000000000                          6300000000                                                                  000042
1            A39NRX000002                      172316494                                                    022803170000031649                    3004170000000025000         K000000000000000000000000000000000000000000000000000000000000000000000000000000000000000000000000000000000000000000000                          0000000000                                                                  000043
1            A39NRX000002                      172316508                                                    022803170000031650                    3105170000000025000         K000000000000000000000000000000000000000000000000000000000000000000000000000000000000000000000000000000000000000000000                          0000000000                                                                  000044
1            A39NRX000002                      172316516                                                    022803170000031651                    3006170000000025000         K000000000000000000000000000000000000000000000000000000000000000000000000000000000000000000000000000000000000000000000                          0000000000                                                                  000045
1            A39NRX000002                      172316524                                                    022803170000031652                    3107170000000025000         K000000000000000000000000000000000000000000000000000000000000000000000000000000000000000000000000000000000000000000000                          0000000000                                                                  000046
1            A39NRX000002                      172316532                                                    022803170000031653                    3108170000000025000         K000000000000000000000000000000000000000000000000000000000000000000000000000000000000000000000000000000000000000000000                          0000000000                                                                  000047
1            A39NRX000002                      172316540                                                    022803170000031654                    3009170000000025000         K000000000000000000000000000000000000000000000000000000000000000000000000000000000000000000000000000000000000000000000                          0000000000                                                                  000048
1            A39NRX000002                      172316559                                                    022803170000031655                    3110170000000025000         K000000000000000000000000000000000000000000000000000000000000000000000000000000000000000000000000000000000000000000000                          0000000000                                                                  000049
1            A39NRX000002                      172316567                                                    022803170000031656                    3011170000000025000         K000000000000000000000000000000000000000000000000000000000000000000000000000000000000000000000000000000000000000000000                          0000000000                                                                  000050
1            A39NRX000002                      172316575                                                    022803170000031657                    3112170000000025000         K000000000000000000000000000000000000000000000000000000000000000000000000000000000000000000000000000000000000000000000                          0000000000                                                                  000051
1            A39MMT000002                      172315781                                                    032803170000031578                    3103170000000127321         K000000000000000000000000000000000000000000000000000000000000000000000000000000000000000000000000000000000000000000000                          6300000000                                                                  000052
1            A39MMT000002                      172316591                                                    022803170000031659                    3004170000000121637         K000000000000000000000000000000000000000000000000000000000000000000000000000000000000000000000000000000000000000000000                          0000000000                                                                  000053
1            A39MMT000002                      172316605                                                    022803170000031660                    3105170000000121637         K000000000000000000000000000000000000000000000000000000000000000000000000000000000000000000000000000000000000000000000                          0000000000                                                                  000054
1            A39MMT000002                      172316613                                                    022803170000031661                    3006170000000121637         K000000000000000000000000000000000000000000000000000000000000000000000000000000000000000000000000000000000000000000000                          0000000000                                                                  000055
1            A39MMT000002                      172316621                                                    022803170000031662                    3107170000000121637         K000000000000000000000000000000000000000000000000000000000000000000000000000000000000000000000000000000000000000000000                          0000000000                                                                  000056
1            A39MMT000002                      172316630                                                    022803170000031663                    3108170000000121637         K000000000000000000000000000000000000000000000000000000000000000000000000000000000000000000000000000000000000000000000                          0000000000                                                                  000057
1            A39MMT000002                      172316648                                                    022803170000031664                    3009170000000121637         K000000000000000000000000000000000000000000000000000000000000000000000000000000000000000000000000000000000000000000000                          0000000000                                                                  000058
1            A39MMT000002                      172316656                                                    022803170000031665                    3110170000000121637         K000000000000000000000000000000000000000000000000000000000000000000000000000000000000000000000000000000000000000000000                          0000000000                                                                  000059
1            A39MMT000002                      172316664                                                    022803170000031666                    3011170000000121637         K000000000000000000000000000000000000000000000000000000000000000000000000000000000000000000000000000000000000000000000                          0000000000                                                                  000060
1            A39MMT000002                      172316672                                                    022803170000031667                    3112170000000121637         K000000000000000000000000000000000000000000000000000000000000000000000000000000000000000000000000000000000000000000000                          0000000000                                                                  000061
1            A39NRY000002                      172316281                                                    022803170000031628                    3004170000000093214         K000000000000000000000000000000000000000000000000000000000000000000000000000000000000000000000000000000000000000000000                          0000000000                                                                  000062
1            A39NRY000002                      172316290                                                    022803170000031629                    3105170000000093214         K000000000000000000000000000000000000000000000000000000000000000000000000000000000000000000000000000000000000000000000                          0000000000                                                                  000063
1            A39NRY000002                      172316303                                                    022803170000031630                    3006170000000093214         K000000000000000000000000000000000000000000000000000000000000000000000000000000000000000000000000000000000000000000000                          0000000000                                                                  000064
1            A39NRY000002                      172316311                                                    022803170000031631                    3107170000000068214         K000000000000000000000000000000000000000000000000000000000000000000000000000000000000000000000000000000000000000000000                          0000000000                                                                  000065
1            A39NRY000002                      172316320                                                    022803170000031632                    3108170000000068214         K000000000000000000000000000000000000000000000000000000000000000000000000000000000000000000000000000000000000000000000                          0000000000                                                                  000066
1            A39NRY000002                      172316338                                                    022803170000031633                    3009170000000068214         K000000000000000000000000000000000000000000000000000000000000000000000000000000000000000000000000000000000000000000000                          0000000000                                                                  000067
1            A39NRY000002                      172316346                                                    022803170000031634                    3110170000000068214         K000000000000000000000000000000000000000000000000000000000000000000000000000000000000000000000000000000000000000000000                          0000000000                                                                  000068
1            A39NRY000002                      172316354                                                    022803170000031635                    3011170000000068214         K000000000000000000000000000000000000000000000000000000000000000000000000000000000000000000000000000000000000000000000                          0000000000                                                                  000069
1            A39NRY000002                      172316362                                                    022803170000031636                    3112170000000068214         K000000000000000000000000000000000000000000000000000000000000000000000000000000000000000000000000000000000000000000000                          0000000000                                                                  000070
1            A39K0S000002                      172005065                                                    062803170000000506COMPE               3103170000000015000         K000000000000000000000000000000000000000000000000000000000000000000000000000000000000001500000000000000000000000000000                          H50000000020170329                                                          000071
1            A38RAV000002                      172024647                                                    062803170000002464COMPE               3103170000000057742         K000000000000000000000000000000000000000000000000000000000000000000000000000000000000005574200000000000000000000000000                          H50000000020170329                                                          000072
1            A39K4J000001                      172029045                                                    282803170000002904                    3103170000000021500         K000000000011500000000000000000000000000000000000000000000000000000000000000000000000000011500000000000000000000000000                          B30000000020170328                                                          000073
1            A39K0S000002                      172005065                                                    282803170000000506                    3103170000000015000         K000000000011500000000000000000000000000000000000000000000000000000000000000000000000000011500000000000000000000000000                          B30000000020170328                                                          000074
1            A38RAV000002                      172024647                                                    282803170000002464                    3103170000000057742         K000000000011500000000000000000000000000000000000000000000000000000000000000000000000000011500000000000000000000000000                          B30000000020170328                                                          000075
9274826431                                                                                                                                                                                                                                                                                                                                                                                                000076
