02RETORNO01COBRANCA       2643103361110000177                               748BANSICREDI     20170322        0000126                                                                                                                                                                                                                                                                                 1.00000001
1            A39KDW000002                      172311034                                                    062103170000031103COMPE               3103170000000021500         K000000000000000000000000000000000000000000000000000000000000000000000000000000000000002150000000000000000000000000000                          H50000000020170322                                                          000002
1            A39KDW000002                      172311034                                                    282103170000031103                    3103170000000021500         K000000000011500000000000000000000000000000000000000000000000000000000000000000000000000011500000000000000000000000000                          B30000000020170321                                                          000003
1            C0000000000                       172042548                                                    06210317          090322                    0000000045530                                                              00000000015300000000000000000000004400000000000000000000000000000                          00        20170322                                                          000004
1            C0000000000                       172042548                                                    28210317          090322                    0000000000115                                                              00000000015300000000000000000000004400000000000000000000000000000                          B3        20170321                                                          000005
1            C0000000000                       172042556                                                    06210317          090322                    0000000045530                                                              00000000015300000000000000000000004400000000000000000000000000000                          00        20170322                                                          000006
1            C0000000000                       172042556                                                    28210317          090322                    0000000000115                                                              00000000015300000000000000000000004400000000000000000000000000000                          B3        20170321                                                          000007
1            C0000000000                       172307274                                                    06210317          COMPE                     0000000115952                                                              00000000000000000000000000000000011595200000000000000000000000000                          H5        20170322                                                          000008
1            C0000000000                       172307274                                                    28210317          COMPE                     0000000000115                                                              00000000000000000000000000000000011595200000000000000000000000000                          B3        20170321                                                          000009
9274826431                                                                                                                                                                                                                                                                                                                                                                                                000010
