02RETORNO01COBRANCA       2643103361110000177                               748BANSICREDI     20170608        0000176                                                                                                                                                                                                                                                                                 1.00000001
1            A39KEH000002                      172304305                                                    060706170000030430090304              3006170000000081845         K000000000000000000000000000000000000000000000000000000000000000000000000002845000000007900000000000000000000000000000                          000000000020170608                                                          000002
1            A38R9Z000002                      172024124                                                    060706170000002412090325              3006170000000045530         K000000000000000000000000000000000000000000000000000000000000015300000000000000000000004400000000000000000000000000000                          000000000020170608                                                          000003
1            A39K00000002                      172001574                                                    060706170000000157COMPE               3006170000000051636         K000000000000000000000000000000000000000000000000000000000000000000000000000000000000004980000000000000000000000000000                          H50000000020170608                                                          000004
1            A39K0Q000002                      172004875                                                    060706170000000487COMPE               3006170000000045530         K000000000000000000000000000000000000000000000000000000000000000000000000000000000000004400000000000000000000000000000                          H50000000020170608                                                          000005
1            A39K0W000002                      172005537                                                    060706170000000553COMPE               3006170000000063848         K000000000000000000000000000000000000000000000000000000000000000000000000000000000000006140000000000000000000000000000                          H50000000020170608                                                          000006
1            A39K0X000002                      172005642                                                    060706170000000564COMPE               3006170000000063848         K000000000000000000000000000000000000000000000000000000000000000000000000000000000000006140000000000000000000000000000                          H50000000020170608                                                          000007
1            A39K17000002                      172006851                                                    060706170000000685COMPE               3006170000000051636         K000000000000000000000000000000000000000000000000000000000000000000000000000000000000004980000000000000000000000000000                          H50000000020170608                                                          000008
1            A39K1X000002                      172010263                                                    060706170000001026COMPE               3006170000000045530         K000000000000000000000000000000000000000000000000000000000000000000000000000000000000004400000000000000000000000000000                          H50000000020170608                                                          000009
1            A39K24000002                      172011588                                                    060706170000001158COMPE               3006170000000057742         K000000000000000000000000000000000000000000000000000000000000000000000000000000000000005560000000000000000000000000000                          H50000000020170608                                                          000010
1            A39K26000002                      172011804                                                    060706170000001180COMPE               3006170000000045530         K000000000000000000000000000000000000000000000000000000000000000000000000000000000000004553000000000000000000000000000                          H50000000020170608                                                          000011
1            A39K2V000002                      172014889                                                    060706170000001488COMPE               3006170000000060795         K000000000000000000000000000000000000000000000000000000000000000000000000000000000000005850000000000000000000000000000                          H50000000020170608                                                          000012
1            A39K32000002                      172015877                                                    060706170000001587COMPE               3006170000000066901         K000000000000000000000000000000000000000000000000000000000000000000000000000000000000006430000000000000000000000000000                          H50000000020170608                                                          000013
1            A39K3E000002                      172017306                                                    060706170000001730COMPE               3006170000000030265         K000000000000000000000000000000000000000000000000000000000000000000000000000000000000002950000000000000000000000000000                          H50000000020170608                                                          000014
1            A38R9M000002                      172017853                                                    060706170000001785COMPE               3006170000000033318         K000000000000000000000000000000000000000000000000000000000000000000000000000000000000003240000000000000000000000000000                          H50000000020170608                                                          000015
1            A39K26000002                      172020935                                                    060706170000002093COMPE               3006170000000015000         K000000000000000000000000000000000000000000000000000000000000000000000000000000000000001500000000000000000000000000000                          H50000000020170608                                                          000016
1            A39K48000002                      172024230                                                    060706170000002423COMPE               3006170000000063848         K000000000000000000000000000000000000000000000000000000000000000000000000000000000000006384800000000000000000000000000                          H50000000020170608                                                          000017
1            A38RAW000002                      172025007                                                    060706170000002500COMPE               3006170000000063848         K000000000000000000000000000000000000000000000000000000000000000000000000000000000000006140000000000000000000000000000                          H50000000020170608                                                          000018
1            A38RBW000002                      172033034                                                    060706170000003303COMPE               3006170000000088350         K000000000000000000000000000000000000000000000000000000000000000000000000000000000000008500000000000000000000000000000                          H50000000020170608                                                          000019
1            A39K5M000002                      172039741                                                    060706170000003974COMPE               3006170000000068295         K000000000000000000000000000000000000000000000000000000000000000000000000000000000000006595000000000000000000000000000                          H50000000020170608                                                          000020
1            A39K5M000002                      172039750                                                    060706170000003975COMPE               3107170000000068295         K000000000000000000000000000000000000000000000000000000000000000000000000000000000000006595000000000000000000000000000                          H50000000020170608                                                          000021
1            A39KDO000002                      172302604                                                    060706170000030260COMPE               3006170000000079583         K000000000000000000000000000000000000000000000000000000000000000000000000000000000000007560000000000000000000000000000                          H50000000020170608                                                          000022
1            A38RDJ000002                      172311395                                                    060706170000031139COMPE               3006170000000054925         K000000000000000000000000000000000000000000000000000000000000000000000000000000000000005325000000000000000000000000000                          H50000000020170608                                                          000023
1            A38RDM000002                      172311514                                                    060706170000031151COMPE               3006170000000074980         K000000000000000000000000000000000000000000000000000000000000000000000000000000000000007230000000000000000000000000000                          H50000000020170608                                                          000024
1            A39KEH000002                      172304305                                                    280706170000030430                    3006170000000081845         K000000000011500000000000000000000000000000000000000000000000000000000000000000000000000011500000000000000000000000000                          B30000000020170607                                                          000025
1            A38R9Z000002                      172024124                                                    280706170000002412                    3006170000000045530         K000000000011500000000000000000000000000000000000000000000000000000000000000000000000000011500000000000000000000000000                          B30000000020170607                                                          000026
1            A39K00000002                      172001574                                                    280706170000000157                    3006170000000051636         K000000000011500000000000000000000000000000000000000000000000000000000000000000000000000011500000000000000000000000000                          B30000000020170607                                                          000027
1            A39K0Q000002                      172004875                                                    280706170000000487                    3006170000000045530         K000000000011500000000000000000000000000000000000000000000000000000000000000000000000000011500000000000000000000000000                          B30000000020170607                                                          000028
1            A39K0W000002                      172005537                                                    280706170000000553                    3006170000000063848         K000000000011500000000000000000000000000000000000000000000000000000000000000000000000000011500000000000000000000000000                          B30000000020170607                                                          000029
1            A39K0X000002                      172005642                                                    280706170000000564                    3006170000000063848         K000000000011500000000000000000000000000000000000000000000000000000000000000000000000000011500000000000000000000000000                          B30000000020170607                                                          000030
1            A39K17000002                      172006851                                                    280706170000000685                    3006170000000051636         K000000000011500000000000000000000000000000000000000000000000000000000000000000000000000011500000000000000000000000000                          B30000000020170607                                                          000031
1            A39K1X000002                      172010263                                                    280706170000001026                    3006170000000045530         K000000000011500000000000000000000000000000000000000000000000000000000000000000000000000011500000000000000000000000000                          B30000000020170607                                                          000032
1            A39K24000002                      172011588                                                    280706170000001158                    3006170000000057742         K000000000011500000000000000000000000000000000000000000000000000000000000000000000000000011500000000000000000000000000                          B30000000020170607                                                          000033
1            A39K26000002                      172011804                                                    280706170000001180                    3006170000000045530         K000000000011500000000000000000000000000000000000000000000000000000000000000000000000000011500000000000000000000000000                          B30000000020170607                                                          000034
1            A39K2V000002                      172014889                                                    280706170000001488                    3006170000000060795         K000000000011500000000000000000000000000000000000000000000000000000000000000000000000000011500000000000000000000000000                          B30000000020170607                                                          000035
1            A39K32000002                      172015877                                                    280706170000001587                    3006170000000066901         K000000000011500000000000000000000000000000000000000000000000000000000000000000000000000011500000000000000000000000000                          B30000000020170607                                                          000036
1            A39K3E000002                      172017306                                                    280706170000001730                    3006170000000030265         K000000000011500000000000000000000000000000000000000000000000000000000000000000000000000011500000000000000000000000000                          B30000000020170607                                                          000037
1            A38R9M000002                      172017853                                                    280706170000001785                    3006170000000033318         K000000000011500000000000000000000000000000000000000000000000000000000000000000000000000011500000000000000000000000000                          B30000000020170607                                                          000038
1            A39K26000002                      172020935                                                    280706170000002093                    3006170000000015000         K000000000011500000000000000000000000000000000000000000000000000000000000000000000000000011500000000000000000000000000                          B30000000020170607                                                          000039
1            A39K48000002                      172024230                                                    280706170000002423                    3006170000000063848         K000000000011500000000000000000000000000000000000000000000000000000000000000000000000000011500000000000000000000000000                          B30000000020170607                                                          000040
1            A38RAW000002                      172025007                                                    280706170000002500                    3006170000000063848         K000000000011500000000000000000000000000000000000000000000000000000000000000000000000000011500000000000000000000000000                          B30000000020170607                                                          000041
1            A38RBW000002                      172033034                                                    280706170000003303                    3006170000000088350         K000000000011500000000000000000000000000000000000000000000000000000000000000000000000000011500000000000000000000000000                          B30000000020170607                                                          000042
1            A39K5M000002                      172039741                                                    280706170000003974                    3006170000000068295         K000000000011500000000000000000000000000000000000000000000000000000000000000000000000000011500000000000000000000000000                          B30000000020170607                                                          000043
1            A39K5M000002                      172039750                                                    280706170000003975                    3107170000000068295         K000000000011500000000000000000000000000000000000000000000000000000000000000000000000000011500000000000000000000000000                          B30000000020170607                                                          000044
1            A39KDO000002                      172302604                                                    280706170000030260                    3006170000000079583         K000000000011500000000000000000000000000000000000000000000000000000000000000000000000000011500000000000000000000000000                          B30000000020170607                                                          000045
1            A38RDJ000002                      172311395                                                    280706170000031139                    3006170000000054925         K000000000011500000000000000000000000000000000000000000000000000000000000000000000000000011500000000000000000000000000                          B30000000020170607                                                          000046
1            A38RDM000002                      172311514                                                    280706170000031151                    3006170000000074980         K000000000011500000000000000000000000000000000000000000000000000000000000000000000000000011500000000000000000000000000                          B30000000020170607                                                          000047
1            C0000000000                       172043625                                                    06070617          090325                    0000000076060                                                              00000000030600000000000000000000007300000000000000000000000000000                          00        20170608                                                          000048
1            C0000000000                       172043625                                                    28070617          090325                    0000000000115                                                              00000000030600000000000000000000007300000000000000000000000000000                          B3        20170607                                                          000049
1            C0000000000                       172037420                                                    06070617          090312                    0000000021500                                                              00000000000000000000000000000000002195800000000000280000000000430                          00        20170608                                                          000050
1            C0000000000                       172037420                                                    28070617          090312                    0000000000115                                                              00000000000000000000000000000000002195800000000000280000000000430                          B3        20170607                                                          000051
1            C0000000000                       172000918                                                    06070617          COMPE                     0000000060795                                                              00000000000000000000000000000000005850000000000000000000000000000                          H5        20170608                                                          000052
1            C0000000000                       172000918                                                    28070617          COMPE                     0000000000115                                                              00000000000000000000000000000000005850000000000000000000000000000                          B3        20170607                                                          000053
1            C0000000000                       172311620                                                    06070617          COMPE                     0000000021500                                                              00000000000000000000000000000000002150000000000000000000000000000                          H5        20170608                                                          000054
1            C0000000000                       172311620                                                    28070617          COMPE                     0000000000115                                                              00000000000000000000000000000000002150000000000000000000000000000                          B3        20170607                                                          000055
9274826431                                                                                                                                                                                                                                                                                                                                                                                                000056
