02RETORNO01COBRANCA       2643103361110000177                               748BANSICREDI     20170526        0000167                                                                                                                                                                                                                                                                                 1.00000001
1            A39K0D000002                      172003216                                                    062505170000000321COMPE               3105170000000015000         K000000000000000000000000000000000000000000000000000000000000000000000000000000000000001500000000000000000000000000000                          H50000000020170526                                                          000002
1            A39K4H000002                      172028731                                                    062505170000002873COMPE               3105170000000074980         K000000000000000000000000000000000000000000000000000000000000000000000000000000000000007498000000000000000000000000000                          H50000000020170526                                                          000003
1            A39K0D000002                      172003216                                                    282505170000000321                    3105170000000015000         K000000000011500000000000000000000000000000000000000000000000000000000000000000000000000011500000000000000000000000000                          B30000000020170525                                                          000004
1            A39K4H000002                      172028731                                                    282505170000002873                    3105170000000074980         K000000000011500000000000000000000000000000000000000000000000000000000000000000000000000011500000000000000000000000000                          B30000000020170525                                                          000005
1            A38RTQ000002                      162848108                                                    092605170000084810                    3105160000000024570         K000000000000000000000000000000000000000000000000000000000000000000000000000000000000000000000000000000000000000000000                          0000000000                                                                  000006
1            A38RFK000002                      162850404                                                    092605170000085040                    3105160000000080925         K000000000000000000000000000000000000000000000000000000000000000000000000000000000000000000000000000000000000000000000                          0000000000                                                                  000007
1            A38RBR000002                      162840387                                                    092605170000084038                    3105160000000052823         K000000000000000000000000000000000000000000000000000000000000000000000000000000000000000000000000000000000000000000000                          0000000000                                                                  000008
1            A38RCA000002                      162841731                                                    092605170000084173                    3105160000000069675         K000000000000000000000000000000000000000000000000000000000000000000000000000000000000000000000000000000000000000000000                          0000000000                                                                  000009
9274826431                                                                                                                                                                                                                                                                                                                                                                                                000010
