02RETORNO01COBRANCA       2643103361110000177                               748BANSICREDI     20170621        0000184                                                                                                                                                                                                                                                                                 1.00000001
1            A39SG5000002                      172316958                                                    022006170000031695                    3105170000000110268         K000000000000000000000000000000000000000000000000000000000000000000000000000000000000000000000000000000000000000000000                          0000000000                                                                  000002
1            A39SG5000002                      172316966                                                    022006170000031696                    3006170000000110268         K000000000000000000000000000000000000000000000000000000000000000000000000000000000000000000000000000000000000000000000                          0000000000                                                                  000003
1            A39SG5000002                      172316974                                                    022006170000031697                    3107170000000110268         K000000000000000000000000000000000000000000000000000000000000000000000000000000000000000000000000000000000000000000000                          0000000000                                                                  000004
1            A39SG5000002                      172316982                                                    022006170000031698                    3108170000000110268         K000000000000000000000000000000000000000000000000000000000000000000000000000000000000000000000000000000000000000000000                          0000000000                                                                  000005
1            A39SG5000002                      172316990                                                    022006170000031699                    3009170000000110268         K000000000000000000000000000000000000000000000000000000000000000000000000000000000000000000000000000000000000000000000                          0000000000                                                                  000006
1            A39SG5000002                      172317008                                                    022006170000031700                    3110170000000110268         K000000000000000000000000000000000000000000000000000000000000000000000000000000000000000000000000000000000000000000000                          0000000000                                                                  000007
1            A39SG5000002                      172317016                                                    022006170000031701                    3011170000000110268         K000000000000000000000000000000000000000000000000000000000000000000000000000000000000000000000000000000000000000000000                          0000000000                                                                  000008
1            A39SG5000002                      172317024                                                    022006170000031702                    3112170000000110268         K000000000000000000000000000000000000000000000000000000000000000000000000000000000000000000000000000000000000000000000                          0000000000                                                                  000009
1            A00000000002                      172316885                                                    032006170000031688                    3006170000000130163         K000000000000000000000000000000000000000000000000000000000000000000000000000000000000000000000000000000000000000000000                          C600000000                                                                  000010
1            A39SG6000002                      172316893                                                    022006170000031689                    3107170000000130163         K000000000000000000000000000000000000000000000000000000000000000000000000000000000000000000000000000000000000000000000                          0000000000                                                                  000011
1            A39SG6000002                      172316907                                                    022006170000031690                    3108170000000130163         K000000000000000000000000000000000000000000000000000000000000000000000000000000000000000000000000000000000000000000000                          0000000000                                                                  000012
1            A39SG6000002                      172316915                                                    022006170000031691                    3009170000000130163         K000000000000000000000000000000000000000000000000000000000000000000000000000000000000000000000000000000000000000000000                          0000000000                                                                  000013
1            A39SG6000002                      172316923                                                    022006170000031692                    3110170000000130163         K000000000000000000000000000000000000000000000000000000000000000000000000000000000000000000000000000000000000000000000                          0000000000                                                                  000014
1            A39SG6000002                      172316931                                                    022006170000031693                    3011170000000130163         K000000000000000000000000000000000000000000000000000000000000000000000000000000000000000000000000000000000000000000000                          0000000000                                                                  000015
1            A39SG6000002                      172316940                                                    022006170000031694                    3112170000000130163         K000000000000000000000000000000000000000000000000000000000000000000000000000000000000000000000000000000000000000000000                          0000000000                                                                  000016
1            A39SG7000002                      172317032                                                    022006170000031703                    3006170000000138690         K000000000000000000000000000000000000000000000000000000000000000000000000000000000000000000000000000000000000000000000                          0000000000                                                                  000017
1            A39SG7000002                      172317040                                                    022006170000031704                    3107170000000138690         K000000000000000000000000000000000000000000000000000000000000000000000000000000000000000000000000000000000000000000000                          0000000000                                                                  000018
1            A39SG7000002                      172317059                                                    022006170000031705                    3108170000000138690         K000000000000000000000000000000000000000000000000000000000000000000000000000000000000000000000000000000000000000000000                          0000000000                                                                  000019
1            A39SG7000002                      172317067                                                    022006170000031706                    3009170000000138690         K000000000000000000000000000000000000000000000000000000000000000000000000000000000000000000000000000000000000000000000                          0000000000                                                                  000020
1            A39SG7000002                      172317075                                                    022006170000031707                    3110170000000138690         K000000000000000000000000000000000000000000000000000000000000000000000000000000000000000000000000000000000000000000000                          0000000000                                                                  000021
1            A39SG7000002                      172317083                                                    022006170000031708                    3011170000000138690         K000000000000000000000000000000000000000000000000000000000000000000000000000000000000000000000000000000000000000000000                          0000000000                                                                  000022
1            A39SG7000002                      172317091                                                    022006170000031709                    3112170000000138690         K000000000000000000000000000000000000000000000000000000000000000000000000000000000000000000000000000000000000000000000                          0000000000                                                                  000023
1            A39SG8000002                      172036459                                                    022006170000003645                    3107170000000021500         K000000000000000000000000000000000000000000000000000000000000000000000000000000000000000000000000000000000000000000000                          0000000000                                                                  000024
1            A39SG8000002                      172036467                                                    022006170000003646                    3108170000000021500         K000000000000000000000000000000000000000000000000000000000000000000000000000000000000000000000000000000000000000000000                          0000000000                                                                  000025
1            A39SG8000002                      172036475                                                    022006170000003647                    3009170000000021500         K000000000000000000000000000000000000000000000000000000000000000000000000000000000000000000000000000000000000000000000                          0000000000                                                                  000026
1            A39SG8000002                      172036483                                                    022006170000003648                    3110170000000021500         K000000000000000000000000000000000000000000000000000000000000000000000000000000000000000000000000000000000000000000000                          0000000000                                                                  000027
1            A00000000002                      172036491                                                    032006170000003649                    3011170000000000000         K000000000000000000000000000000000000000000000000000000000000000000000000000000000000000000000000000000000000000000000                          2000000000                                                                  000028
1            A00000000002                      172036505                                                    032006170000003650                    3112170000000000000         K000000000000000000000000000000000000000000000000000000000000000000000000000000000000000000000000000000000000000000000                          2000000000                                                                  000029
1            A39SG9000001                      172043706                                                    022006170000004370                    3006170000000076060         K000000000000000000000000000000000000000000000000000000000000000000000000000000000000000000000000000000000000000000000                          0000000000                                                                  000030
1            A39SG9000001                      172043714                                                    022006170000004371                    3107170000000076060         K000000000000000000000000000000000000000000000000000000000000000000000000000000000000000000000000000000000000000000000                          0000000000                                                                  000031
1            A39SG9000001                      172043722                                                    022006170000004372                    3108170000000076060         K000000000000000000000000000000000000000000000000000000000000000000000000000000000000000000000000000000000000000000000                          0000000000                                                                  000032
1            A39SG9000001                      172043730                                                    022006170000004373                    3009170000000076060         K000000000000000000000000000000000000000000000000000000000000000000000000000000000000000000000000000000000000000000000                          0000000000                                                                  000033
1            A39SG9000001                      172043749                                                    022006170000004374                    3110170000000076060         K000000000000000000000000000000000000000000000000000000000000000000000000000000000000000000000000000000000000000000000                          0000000000                                                                  000034
1            A39SG9000001                      172043757                                                    022006170000004375                    3011170000000076060         K000000000000000000000000000000000000000000000000000000000000000000000000000000000000000000000000000000000000000000000                          0000000000                                                                  000035
1            A39SG9000001                      172043765                                                    022006170000004376                    3112170000000076060         K000000000000000000000000000000000000000000000000000000000000000000000000000000000000000000000000000000000000000000000                          0000000000                                                                  000036
1            A00000000002                      172043633                                                    032006170000004363                    3107170000000076060         K000000000000000000000000000000000000000000000000000000000000000000000000000000000000000000000000000000000000000000000                          4800000000                                                                  000037
1            A00000000002                      172043641                                                    032006170000004364                    3108170000000076060         K000000000000000000000000000000000000000000000000000000000000000000000000000000000000000000000000000000000000000000000                          4800000000                                                                  000038
1            A00000000002                      172043650                                                    032006170000004365                    3009170000000076060         K000000000000000000000000000000000000000000000000000000000000000000000000000000000000000000000000000000000000000000000                          4800000000                                                                  000039
1            A00000000002                      172043668                                                    032006170000004366                    3110170000000076060         K000000000000000000000000000000000000000000000000000000000000000000000000000000000000000000000000000000000000000000000                          4800000000                                                                  000040
1            A00000000002                      172043676                                                    032006170000004367                    3011170000000076060         K000000000000000000000000000000000000000000000000000000000000000000000000000000000000000000000000000000000000000000000                          4800000000                                                                  000041
1            A00000000002                      172043684                                                    032006170000004368                    3112170000000076060         K000000000000000000000000000000000000000000000000000000000000000000000000000000000000000000000000000000000000000000000                          4800000000                                                                  000042
1            A39SGA000002                      172043790                                                    022006170000004379                    3107170000000076060         K000000000000000000000000000000000000000000000000000000000000000000000000000000000000000000000000000000000000000000000                          0000000000                                                                  000043
1            A39SGA000002                      172043803                                                    022006170000004380                    3108170000000076060         K000000000000000000000000000000000000000000000000000000000000000000000000000000000000000000000000000000000000000000000                          0000000000                                                                  000044
1            A39SGA000002                      172043811                                                    022006170000004381                    3009170000000076060         K000000000000000000000000000000000000000000000000000000000000000000000000000000000000000000000000000000000000000000000                          0000000000                                                                  000045
1            A39SGA000002                      172043820                                                    022006170000004382                    3110170000000076060         K000000000000000000000000000000000000000000000000000000000000000000000000000000000000000000000000000000000000000000000                          0000000000                                                                  000046
1            A39SGA000002                      172043838                                                    022006170000004383                    3011170000000076060         K000000000000000000000000000000000000000000000000000000000000000000000000000000000000000000000000000000000000000000000                          0000000000                                                                  000047
1            A39SGA000002                      172043846                                                    022006170000004384                    3112170000000076060         K000000000000000000000000000000000000000000000000000000000000000000000000000000000000000000000000000000000000000000000                          0000000000                                                                  000048
1            A39SGB000002                      172043862                                                    022006170000004386                    3006170000000076060         K000000000000000000000000000000000000000000000000000000000000000000000000000000000000000000000000000000000000000000000                          0000000000                                                                  000049
1            A39SGB000002                      172043870                                                    022006170000004387                    3107170000000076060         K000000000000000000000000000000000000000000000000000000000000000000000000000000000000000000000000000000000000000000000                          0000000000                                                                  000050
1            A39SGB000002                      172043889                                                    022006170000004388                    3108170000000076060         K000000000000000000000000000000000000000000000000000000000000000000000000000000000000000000000000000000000000000000000                          0000000000                                                                  000051
1            A39SGB000002                      172043897                                                    022006170000004389                    3009170000000076060         K000000000000000000000000000000000000000000000000000000000000000000000000000000000000000000000000000000000000000000000                          0000000000                                                                  000052
1            A39SGB000002                      172043900                                                    022006170000004390                    3110170000000076060         K000000000000000000000000000000000000000000000000000000000000000000000000000000000000000000000000000000000000000000000                          0000000000                                                                  000053
1            A39SGB000002                      172043919                                                    022006170000004391                    3011170000000076060         K000000000000000000000000000000000000000000000000000000000000000000000000000000000000000000000000000000000000000000000                          0000000000                                                                  000054
1            A39SGB000002                      172043927                                                    022006170000004392                    3112170000000076060         K000000000000000000000000000000000000000000000000000000000000000000000000000000000000000000000000000000000000000000000                          0000000000                                                                  000055
1            A39SGC000002                      172043935                                                    022006170000004393                    3006170000000076060         K000000000000000000000000000000000000000000000000000000000000000000000000000000000000000000000000000000000000000000000                          0000000000                                                                  000056
1            A39SGC000002                      172043943                                                    022006170000004394                    3107170000000076060         K000000000000000000000000000000000000000000000000000000000000000000000000000000000000000000000000000000000000000000000                          0000000000                                                                  000057
1            A39SGC000002                      172043951                                                    022006170000004395                    3108170000000076060         K000000000000000000000000000000000000000000000000000000000000000000000000000000000000000000000000000000000000000000000                          0000000000                                                                  000058
1            A39SGC000002                      172043960                                                    022006170000004396                    3009170000000076060         K000000000000000000000000000000000000000000000000000000000000000000000000000000000000000000000000000000000000000000000                          0000000000                                                                  000059
1            A39SGC000002                      172043978                                                    022006170000004397                    3110170000000076060         K000000000000000000000000000000000000000000000000000000000000000000000000000000000000000000000000000000000000000000000                          0000000000                                                                  000060
1            A39SGC000002                      172043986                                                    022006170000004398                    3011170000000076060         K000000000000000000000000000000000000000000000000000000000000000000000000000000000000000000000000000000000000000000000                          0000000000                                                                  000061
1            A39SGC000002                      172043994                                                    022006170000004399                    3112170000000076060         K000000000000000000000000000000000000000000000000000000000000000000000000000000000000000000000000000000000000000000000                          0000000000                                                                  000062
1            A38RSK000002                      172026658                                                    062006170000002665COMPE               3006170000000015000         K000000000000000000000000000000000000000000000000000000000000000000000000000000000000001500000000000000000000000000000                          H50000000020170621                                                          000063
1            A38RSK000002                      172026658                                                    282006170000002665                    3006170000000015000         K000000000011500000000000000000000000000000000000000000000000000000000000000000000000000011500000000000000000000000000                          B30000000020170620                                                          000064
1            C0000000000                       172002660                                                    06200617          090322                    0000000057742                                                              00000000000000000000000000000000005799400000000002400000000000012                          00        20170621                                                          000065
1            C0000000000                       172002660                                                    28200617          090322                    0000000000115                                                              00000000000000000000000000000000005799400000000002400000000000012                          B3        20170620                                                          000066
9274826431                                                                                                                                                                                                                                                                                                                                                                                                000067
