02RETORNO01COBRANCA       2643103361110000177                               748BANSICREDI     20170321        0000125                                                                                                                                                                                                                                                                                 1.00000001
1            A38RC1000002                      172033557                                                    062003170000003355090316              3103170000000074980         K000000000000000000000000000000000000000000000000000000000000000000000000000000000000007498000000000000000000000000000                          000000000020170321                                                          000002
1            A39KE5000002                      172312480                                                    062003170000031248090302              2802170000000021500         K000000000000000000000000000000000000000000000000000000000000000000000000000000000000002333000000000014000000000000430                          000000000020170321                                                          000003
1            A39KE5000002                      172312499                                                    062003170000031249090302              3103170000000021500         K000000000000000000000000000000000000000000000000000000000000000000000000000000000000002150000000000000000000000000000                          000000000020170321                                                          000004
1            A39K0D000002                      172003194                                                    062003170000000319COMPE               3103170000000015000         K000000000000000000000000000000000000000000000000000000000000000000000000000000000000001500000000000000000000000000000                          H50000000020170321                                                          000005
1            A39K29000002                      172012100                                                    062003170000001210COMPE               3103170000000066901         K000000000000000000000000000000000000000000000000000000000000000000000000000000000000006690100000000000000000000000000                          H50000000020170321                                                          000006
1            A39K2H000001                      172012983                                                    062003170000001298COMPE               3103170000000057742         K000000000000000000000000000000000000000000000000000000000000000000000000000000000000005774200000000000000000000000000                          H50000000020170321                                                          000007
1            A38RT8000002                      172028383                                                    062003170000002838COMPE               3103170000000021500         K000000000000000000000000000000000000000000000000000000000000000000000000000000000000002150000000000000000000000000000                          H50000000020170321                                                          000008
1            A39K5D000001                      172037625                                                    062003170000003762COMPE               3103170000000071638         K000000000000000000000000000000000000000000000000000000000000000000000000000000000000007163800000000000000000000000000                          H50000000020170321                                                          000009
1            A38RC1000002                      172033557                                                    282003170000003355                    3103170000000074980         K000000000011500000000000000000000000000000000000000000000000000000000000000000000000000011500000000000000000000000000                          B30000000020170320                                                          000010
1            A39KE5000002                      172312480                                                    282003170000031248                    2802170000000021500         K000000000011500000000000000000000000000000000000000000000000000000000000000000000000000011500000000000000000000000000                          B30000000020170320                                                          000011
1            A39KE5000002                      172312499                                                    282003170000031249                    3103170000000021500         K000000000011500000000000000000000000000000000000000000000000000000000000000000000000000011500000000000000000000000000                          B30000000020170320                                                          000012
1            A39K0D000002                      172003194                                                    282003170000000319                    3103170000000015000         K000000000011500000000000000000000000000000000000000000000000000000000000000000000000000011500000000000000000000000000                          B30000000020170320                                                          000013
1            A39K29000002                      172012100                                                    282003170000001210                    3103170000000066901         K000000000011500000000000000000000000000000000000000000000000000000000000000000000000000011500000000000000000000000000                          B30000000020170320                                                          000014
1            A39K2H000001                      172012983                                                    282003170000001298                    3103170000000057742         K000000000011500000000000000000000000000000000000000000000000000000000000000000000000000011500000000000000000000000000                          B30000000020170320                                                          000015
1            A38RT8000002                      172028383                                                    282003170000002838                    3103170000000021500         K000000000011500000000000000000000000000000000000000000000000000000000000000000000000000011500000000000000000000000000                          B30000000020170320                                                          000016
1            A39K5D000001                      172037625                                                    282003170000003762                    3103170000000071638         K000000000011500000000000000000000000000000000000000000000000000000000000000000000000000011500000000000000000000000000                          B30000000020170320                                                          000017
9274826431                                                                                                                                                                                                                                                                                                                                                                                                000018
