02RETORNO01COBRANCA       2643103361110000177                               748BANSICREDI     20170510        0000157                                                                                                                                                                                                                                                                                 1.00000001
1            A39K10000002                      172040723                                                    060905170000004072090302              3105170000000048848         K000000000000000000000000000000000000000000000000000000000000000000000000002448000000004640000000000000000000000000000                          000000000020170510                                                          000002
1            A39K0R000002                      172004964                                                    060905170000000496090325              3004170000000045530         K000000000000000000000000000000000000000000000000000000000000000000000000000000000000004562000000000000810000000000009                          000000000020170510                                                          000003
1            A39K3A000002                      172016857                                                    060905170000001685090318              3105170000000076060         K000000000000000000000000000000000000000000000000000000000000030600000000000000000000007300000000000000000000000000000                          000000000020170510                                                          000004
1            A38RA6000002                      172017519                                                    060905170000001751090316              3105170000000054689         K000000000000000000000000000000000000000000000000000000000000000000000000001989000000005270000000000000000000000000000                          000000000020170510                                                          000005
1            A39K00000002                      172001566                                                    060905170000000156COMPE               3105170000000051636         K000000000000000000000000000000000000000000000000000000000000000000000000000000000000004980000000000000000000000000000                          H50000000020170510                                                          000006
1            A39K16000002                      172006738                                                    060905170000000673COMPE               3105170000000045530         K000000000000000000000000000000000000000000000000000000000000000000000000000000000000004400000000000000000000000000000                          H50000000020170510                                                          000007
1            A39K17000002                      172006843                                                    060905170000000684COMPE               3105170000000051636         K000000000000000000000000000000000000000000000000000000000000000000000000000000000000004980000000000000000000000000000                          H50000000020170510                                                          000008
1            A39K1D000002                      172007726                                                    060905170000000772COMPE               3105170000000057742         K000000000000000000000000000000000000000000000000000000000000000000000000000000000000005560000000000000000000000000000                          H50000000020170510                                                          000009
1            A39K2R000002                      172014439                                                    060905170000001443COMPE               3105170000000066901         K000000000000000000000000000000000000000000000000000000000000000000000000000000000000006430000000000000000000000000000                          H50000000020170510                                                          000010
1            A38R9M000002                      172017845                                                    060905170000001784COMPE               3105170000000033318         K000000000000000000000000000000000000000000000000000000000000000000000000000000000000003240000000000000000000000000000                          H50000000020170510                                                          000011
1            A38R9N000002                      172017950                                                    060905170000001795COMPE               3105170000000076060         K000000000000000000000000000000000000000000000000000000000000000000000000000000000000007300000000000000000000000000000                          H50000000020170510                                                          000012
1            A39K3X000002                      172022245                                                    060905170000002224COMPE               3105170000000045530         K000000000000000000000000000000000000000000000000000000000000000000000000000000000000004400000000000000000000000000000                          H50000000020170510                                                          000013
1            A39K4C000002                      172026755                                                    060905170000002675COMPE               3105170000000039424         K000000000000000000000000000000000000000000000000000000000000000000000000000000000000003820000000000000000000000000000                          H50000000020170510                                                          000014
1            A38RCT000001                      172029509                                                    060905170000002950COMPE               3105170000000041555         K000000000000000000000000000000000000000000000000000000000000000000000000000000000000004055000000000000000000000000000                          H50000000020170510                                                          000015
1            A39K4S000002                      172032038                                                    060905170000003203COMPE               3105170000000074980         K000000000000000000000000000000000000000000000000000000000000000000000000000000000000007230000000000000000000000000000                          H50000000020170510                                                          000016
1            A39K4V000002                      172032690                                                    060905170000003269COMPE               3105170000000068295         K000000000000000000000000000000000000000000000000000000000000000000000000000000000000006595000000000000000000000000000                          H50000000020170510                                                          000017
1            A38RRT000002                      172034456                                                    060905170000003445COMPE               3105170000000088350         K000000000000000000000000000000000000000000000000000000000000000000000000000000000000008500000000000000000000000000000                          H50000000020170510                                                          000018
1            A39K58000002                      172036769                                                    060905170000003676COMPE               3105170000000074980         K000000000000000000000000000000000000000000000000000000000000000000000000000000000000007230000000000000000000000000000                          H50000000020170510                                                          000019
1            A39K5M000002                      172039733                                                    060905170000003973COMPE               3105170000000068295         K000000000000000000000000000000000000000000000000000000000000000000000000000000000000006595000000000000000000000000000                          H50000000020170510                                                          000020
1            A39KEF000002                      172303503                                                    060905170000030350COMPE               3105170000000085268         K000000000000000000000000000000000000000000000000000000000000000000000000000000000000008100000000000000000000000000000                          H50000000020170510                                                          000021
1            A39KEA000002                      172304003                                                    060905170000030400COMPE               3105170000000104583         K000000000000000000000000000000000000000000000000000000000000000000000000000000000000010060000000000000000000000000000                          H50000000020170510                                                          000022
1            A39KE4000002                      172304208                                                    060905170000030420COMPE               3105170000000110268         K000000000000000000000000000000000000000000000000000000000000000000000000000000000000010600000000000000000000000000000                          H50000000020170510                                                          000023
1            A39KEE000002                      172304500                                                    060905170000030450COMPE               3105170000000104583         K000000000000000000000000000000000000000000000000000000000000000000000000000000000000010060000000000000000000000000000                          H50000000020170510                                                          000024
1            A38RN8000002                      172309196                                                    060905170000030919COMPE               3105170000000068214         K000000000000000000000000000000000000000000000000000000000000000000000000000000000000006480000000000000000000000000000                          H50000000020170510                                                          000025
1            A38RDJ000002                      172311387                                                    060905170000031138COMPE               3105170000000054925         K000000000000000000000000000000000000000000000000000000000000000000000000000000000000005325000000000000000000000000000                          H50000000020170510                                                          000026
1            A39KEQ000002                      172315617                                                    060905170000031561COMPE               3105170000000081845         K000000000000000000000000000000000000000000000000000000000000000000000000000000000000007900000000000000000000000000000                          H50000000020170510                                                          000027
1            A39KEG000002                      172316222                                                    060905170000031622COMPE               3105170000000085268         K000000000000000000000000000000000000000000000000000000000000000000000000000000000000008100000000000000000000000000000                          H50000000020170510                                                          000028
1            A39K10000002                      172040723                                                    280905170000004072                    3105170000000048848         K000000000011500000000000000000000000000000000000000000000000000000000000000000000000000011500000000000000000000000000                          B30000000020170509                                                          000029
1            A39K0R000002                      172004964                                                    280905170000000496                    3004170000000045530         K000000000011500000000000000000000000000000000000000000000000000000000000000000000000000011500000000000000000000000000                          B30000000020170509                                                          000030
1            A39K3A000002                      172016857                                                    280905170000001685                    3105170000000076060         K000000000011500000000000000000000000000000000000000000000000000000000000000000000000000011500000000000000000000000000                          B30000000020170509                                                          000031
1            A38RA6000002                      172017519                                                    280905170000001751                    3105170000000054689         K000000000011500000000000000000000000000000000000000000000000000000000000000000000000000011500000000000000000000000000                          B30000000020170509                                                          000032
1            A39K00000002                      172001566                                                    280905170000000156                    3105170000000051636         K000000000011500000000000000000000000000000000000000000000000000000000000000000000000000011500000000000000000000000000                          B30000000020170509                                                          000033
1            A39K16000002                      172006738                                                    280905170000000673                    3105170000000045530         K000000000011500000000000000000000000000000000000000000000000000000000000000000000000000011500000000000000000000000000                          B30000000020170509                                                          000034
1            A39K17000002                      172006843                                                    280905170000000684                    3105170000000051636         K000000000011500000000000000000000000000000000000000000000000000000000000000000000000000011500000000000000000000000000                          B30000000020170509                                                          000035
1            A39K1D000002                      172007726                                                    280905170000000772                    3105170000000057742         K000000000011500000000000000000000000000000000000000000000000000000000000000000000000000011500000000000000000000000000                          B30000000020170509                                                          000036
1            A39K2R000002                      172014439                                                    280905170000001443                    3105170000000066901         K000000000011500000000000000000000000000000000000000000000000000000000000000000000000000011500000000000000000000000000                          B30000000020170509                                                          000037
1            A38R9M000002                      172017845                                                    280905170000001784                    3105170000000033318         K000000000011500000000000000000000000000000000000000000000000000000000000000000000000000011500000000000000000000000000                          B30000000020170509                                                          000038
1            A38R9N000002                      172017950                                                    280905170000001795                    3105170000000076060         K000000000011500000000000000000000000000000000000000000000000000000000000000000000000000011500000000000000000000000000                          B30000000020170509                                                          000039
1            A39K3X000002                      172022245                                                    280905170000002224                    3105170000000045530         K000000000011500000000000000000000000000000000000000000000000000000000000000000000000000011500000000000000000000000000                          B30000000020170509                                                          000040
1            A39K4C000002                      172026755                                                    280905170000002675                    3105170000000039424         K000000000011500000000000000000000000000000000000000000000000000000000000000000000000000011500000000000000000000000000                          B30000000020170509                                                          000041
1            A38RCT000001                      172029509                                                    280905170000002950                    3105170000000041555         K000000000011500000000000000000000000000000000000000000000000000000000000000000000000000011500000000000000000000000000                          B30000000020170509                                                          000042
1            A39K4S000002                      172032038                                                    280905170000003203                    3105170000000074980         K000000000011500000000000000000000000000000000000000000000000000000000000000000000000000011500000000000000000000000000                          B30000000020170509                                                          000043
1            A39K4V000002                      172032690                                                    280905170000003269                    3105170000000068295         K000000000011500000000000000000000000000000000000000000000000000000000000000000000000000011500000000000000000000000000                          B30000000020170509                                                          000044
1            A38RRT000002                      172034456                                                    280905170000003445                    3105170000000088350         K000000000011500000000000000000000000000000000000000000000000000000000000000000000000000011500000000000000000000000000                          B30000000020170509                                                          000045
1            A39K58000002                      172036769                                                    280905170000003676                    3105170000000074980         K000000000011500000000000000000000000000000000000000000000000000000000000000000000000000011500000000000000000000000000                          B30000000020170509                                                          000046
1            A39K5M000002                      172039733                                                    280905170000003973                    3105170000000068295         K000000000011500000000000000000000000000000000000000000000000000000000000000000000000000011500000000000000000000000000                          B30000000020170509                                                          000047
1            A39KEF000002                      172303503                                                    280905170000030350                    3105170000000085268         K000000000011500000000000000000000000000000000000000000000000000000000000000000000000000011500000000000000000000000000                          B30000000020170509                                                          000048
1            A39KEA000002                      172304003                                                    280905170000030400                    3105170000000104583         K000000000011500000000000000000000000000000000000000000000000000000000000000000000000000011500000000000000000000000000                          B30000000020170509                                                          000049
1            A39KE4000002                      172304208                                                    280905170000030420                    3105170000000110268         K000000000011500000000000000000000000000000000000000000000000000000000000000000000000000011500000000000000000000000000                          B30000000020170509                                                          000050
1            A39KEE000002                      172304500                                                    280905170000030450                    3105170000000104583         K000000000011500000000000000000000000000000000000000000000000000000000000000000000000000011500000000000000000000000000                          B30000000020170509                                                          000051
1            A38RN8000002                      172309196                                                    280905170000030919                    3105170000000068214         K000000000011500000000000000000000000000000000000000000000000000000000000000000000000000011500000000000000000000000000                          B30000000020170509                                                          000052
1            A38RDJ000002                      172311387                                                    280905170000031138                    3105170000000054925         K000000000011500000000000000000000000000000000000000000000000000000000000000000000000000011500000000000000000000000000                          B30000000020170509                                                          000053
1            A39KEQ000002                      172315617                                                    280905170000031561                    3105170000000081845         K000000000011500000000000000000000000000000000000000000000000000000000000000000000000000011500000000000000000000000000                          B30000000020170509                                                          000054
1            A39KEG000002                      172316222                                                    280905170000031622                    3105170000000085268         K000000000011500000000000000000000000000000000000000000000000000000000000000000000000000011500000000000000000000000000                          B30000000020170509                                                          000055
1            C0000000000                       172002651                                                    06090517          090322                    0000000057742                                                              00000000000000000000000000000000005786100000000001080000000000011                          00        20170510                                                          000056
1            C0000000000                       172002651                                                    28090517          090322                    0000000000115                                                              00000000000000000000000000000000005786100000000001080000000000011                          B3        20170509                                                          000057
1            C0000000000                       172311603                                                    06090517          090316                    0000000021500                                                              00000000000000000000000000000000002198800000000000580000000000430                          00        20170510                                                          000058
1            C0000000000                       172311603                                                    28090517          090316                    0000000000115                                                              00000000000000000000000000000000002198800000000000580000000000430                          B3        20170509                                                          000059
1            C0000000000                       172311611                                                    06090517          090316                    0000000021500                                                              00000000000000000000000000000000002150000000000000000000000000000                          00        20170510                                                          000060
1            C0000000000                       172311611                                                    28090517          090316                    0000000000115                                                              00000000000000000000000000000000002150000000000000000000000000000                          B3        20170509                                                          000061
1            C0000000000                       172315110                                                    06090517          COMPE                     0000000079583                                                              00000000000000000000000000000000007560000000000000000000000000000                          H5        20170510                                                          000062
1            C0000000000                       172315110                                                    28090517          COMPE                     0000000000115                                                              00000000000000000000000000000000007560000000000000000000000000000                          B3        20170509                                                          000063
9274826431                                                                                                                                                                                                                                                                                                                                                                                                000064
