02RETORNO01COBRANCA       2643103361110000177                               748BANSICREDI     20170425        0000147                                                                                                                                                                                                                                                                                 1.00000001
1            A38RB1000002                      172025953                                                    062404170000002595090302              2802170000000054689         K000000000000000000000000000000000000000000000000000000000000000000000000000000000000005530400000000006050000000000010                          000000000020170425                                                          000002
1            A38RB1000002                      172025961                                                    062404170000002596090302              3103170000000054689         K000000000000000000000000000000000000000000000000000000000000000000000000000000000000005496300000000002640000000000010                          000000000020170425                                                          000003
1            A38RB1000002                      172025953                                                    282404170000002595                    2802170000000054689         K000000000011500000000000000000000000000000000000000000000000000000000000000000000000000011500000000000000000000000000                          B30000000020170424                                                          000004
1            A38RB1000002                      172025961                                                    282404170000002596                    3103170000000054689         K000000000011500000000000000000000000000000000000000000000000000000000000000000000000000011500000000000000000000000000                          B30000000020170424                                                          000005
1            A38RMY000002                      162723097                                                    092504170000072309                    3004160000000093500         K000000000000000000000000000000000000000000000000000000000000000000000000000000000000000000000000000000000000000000000                          0000000000                                                                  000006
1            A38RBH000002                      162700577                                                    092504170000070057                    3004160000000071711         K000000000000000000000000000000000000000000000000000000000000000000000000000000000000000000000000000000000000000000000                          0000000000                                                                  000007
1            A38RAV000002                      162701018                                                    092504170000070101                    3004160000000062498         K000000000000000000000000000000000000000000000000000000000000000000000000000000000000000000000000000000000000000000000                          0000000000                                                                  000008
1            A38RN0000002                      162701123                                                    092504170000070112                    3004160000000062498         K000000000000000000000000000000000000000000000000000000000000000000000000000000000000000000000000000000000000000000000                          0000000000                                                                  000009
1            A38RN2000002                      162701786                                                    092504170000070178                    3004160000000068640         K000000000000000000000000000000000000000000000000000000000000000000000000000000000000000000000000000000000000000000000                          0000000000                                                                  000010
1            A38RN3000001                      162702006                                                    092504170000070200                    3004160000000056355         K000000000000000000000000000000000000000000000000000000000000000000000000000000000000000000000000000000000000000000000                          0000000000                                                                  000011
1            A38RN5000002                      162702111                                                    092504170000070211                    3004160000000050213         K000000000000000000000000000000000000000000000000000000000000000000000000000000000000000000000000000000000000000000000                          0000000000                                                                  000012
1            A38RN6000002                      162702227                                                    092504170000070222                    3004160000000056355         K000000000000000000000000000000000000000000000000000000000000000000000000000000000000000000000000000000000000000000000                          0000000000                                                                  000013
1            A38RN7000002                      162702553                                                    092504170000070255                    3004160000000050213         K000000000000000000000000000000000000000000000000000000000000000000000000000000000000000000000000000000000000000000000                          0000000000                                                                  000014
1            A38RB2000002                      162702774                                                    092504170000070277                    3004160000000050213         K000000000000000000000000000000000000000000000000000000000000000000000000000000000000000000000000000000000000000000000                          0000000000                                                                  000015
1            A38RN8000002                      162702880                                                    092504170000070288                    3004160000000050213         K000000000000000000000000000000000000000000000000000000000000000000000000000000000000000000000000000000000000000000000                          0000000000                                                                  000016
1            A38RN9000002                      162702995                                                    092504170000070299                    3004160000000080925         K000000000000000000000000000000000000000000000000000000000000000000000000000000000000000000000000000000000000000000000                          0000000000                                                                  000017
1            A38RNA000002                      162703100                                                    092504170000070310                    3004160000000062498         K000000000000000000000000000000000000000000000000000000000000000000000000000000000000000000000000000000000000000000000                          0000000000                                                                  000018
1            A38RNB000002                      162703215                                                    092504170000070321                    3004160000000109250         K000000000000000000000000000000000000000000000000000000000000000000000000000000000000000000000000000000000000000000000                          0000000000                                                                  000019
1            A38RNC000002                      162703320                                                    092504170000070332                    3004160000000098750         K000000000000000000000000000000000000000000000000000000000000000000000000000000000000000000000000000000000000000000000                          0000000000                                                                  000020
1            A38RND000002                      162703436                                                    092504170000070343                    3004160000000125000         K000000000000000000000000000000000000000000000000000000000000000000000000000000000000000000000000000000000000000000000                          0000000000                                                                  000021
1            A38RNE000002                      162703541                                                    092504170000070354                    3004160000000114500         K000000000000000000000000000000000000000000000000000000000000000000000000000000000000000000000000000000000000000000000                          0000000000                                                                  000022
1            A38RNF000002                      162703720                                                    092504170000070372                    3004160000000090667         K000000000000000000000000000000000000000000000000000000000000000000000000000000000000000000000000000000000000000000000                          0000000000                                                                  000023
1            A38RNG000002                      162703819                                                    092504170000070381                    3004160000000104000         K000000000000000000000000000000000000000000000000000000000000000000000000000000000000000000000000000000000000000000000                          0000000000                                                                  000024
1            A38RNH000002                      162703908                                                    092504170000070390                    3004160000000104000         K000000000000000000000000000000000000000000000000000000000000000000000000000000000000000000000000000000000000000000000                          0000000000                                                                  000025
1            A38RNI000002                      162703991                                                    092504170000070399                    3004160000000072500         K000000000000000000000000000000000000000000000000000000000000000000000000000000000000000000000000000000000000000000000                          0000000000                                                                  000026
1            A38RNJ000002                      162704084                                                    092504170000070408                    3004160000000090667         K000000000000000000000000000000000000000000000000000000000000000000000000000000000000000000000000000000000000000000000                          0000000000                                                                  000027
1            A38RNK000002                      162704173                                                    092504170000070417                    3004160000000072500         K000000000000000000000000000000000000000000000000000000000000000000000000000000000000000000000000000000000000000000000                          0000000000                                                                  000028
1            A38RNL000002                      162707890                                                    092504170000070789                    3004160000000061833         K000000000000000000000000000000000000000000000000000000000000000000000000000000000000000000000000000000000000000000000                          0000000000                                                                  000029
1            A38RMV000002                      162704564                                                    092504170000070456                    3004160000000066250         K000000000000000000000000000000000000000000000000000000000000000000000000000000000000000000000000000000000000000000000                          0000000000                                                                  000030
1            A38RNM000002                      162704653                                                    092504170000070465                    3004160000000063000         K000000000000000000000000000000000000000000000000000000000000000000000000000000000000000000000000000000000000000000000                          0000000000                                                                  000031
1            A38RNN000002                      162704742                                                    092504170000070474                    3004160000000104000         K000000000000000000000000000000000000000000000000000000000000000000000000000000000000000000000000000000000000000000000                          0000000000                                                                  000032
1            A38RNO000002                      162705013                                                    092504170000070501                    3004160000000073500         K000000000000000000000000000000000000000000000000000000000000000000000000000000000000000000000000000000000000000000000                          0000000000                                                                  000033
1            A38RNP000002                      162705102                                                    092504170000070510                    3004160000000093500         K000000000000000000000000000000000000000000000000000000000000000000000000000000000000000000000000000000000000000000000                          0000000000                                                                  000034
1            A38RNQ000002                      162705196                                                    092504170000070519                    3004160000000109250         K000000000000000000000000000000000000000000000000000000000000000000000000000000000000000000000000000000000000000000000                          0000000000                                                                  000035
1            A38RNR000002                      162705285                                                    092504170000070528                    3004160000000078750         K000000000000000000000000000000000000000000000000000000000000000000000000000000000000000000000000000000000000000000000                          0000000000                                                                  000036
1            A38RNS000002                      162705374                                                    092504170000070537                    3004160000000109250         K000000000000000000000000000000000000000000000000000000000000000000000000000000000000000000000000000000000000000000000                          0000000000                                                                  000037
1            A38RNT000002                      162705552                                                    092504170000070555                    3004160000000093500         K000000000000000000000000000000000000000000000000000000000000000000000000000000000000000000000000000000000000000000000                          0000000000                                                                  000038
1            A38RNU000002                      162705641                                                    092504170000070564                    3004160000000086250         K000000000000000000000000000000000000000000000000000000000000000000000000000000000000000000000000000000000000000000000                          0000000000                                                                  000039
1            A38RNV000002                      162705730                                                    092504170000070573                    3004160000000068250         K000000000000000000000000000000000000000000000000000000000000000000000000000000000000000000000000000000000000000000000                          0000000000                                                                  000040
1            A38RNW000002                      162706010                                                    092504170000070601                    3004160000000072500         K000000000000000000000000000000000000000000000000000000000000000000000000000000000000000000000000000000000000000000000                          0000000000                                                                  000041
1            A38RNX000002                      162706206                                                    092504170000070620                    3004160000000073500         K000000000000000000000000000000000000000000000000000000000000000000000000000000000000000000000000000000000000000000000                          0000000000                                                                  000042
1            A38RNY000002                      162726479                                                    092504170000072647                    3004160000000104000         K000000000000000000000000000000000000000000000000000000000000000000000000000000000000000000000000000000000000000000000                          0000000000                                                                  000043
1            A38RNZ000002                      162706567                                                    092504170000070656                    3004160000000093500         K000000000000000000000000000000000000000000000000000000000000000000000000000000000000000000000000000000000000000000000                          0000000000                                                                  000044
1            A38RO0000002                      162706656                                                    092504170000070665                    3004160000000109250         K000000000000000000000000000000000000000000000000000000000000000000000000000000000000000000000000000000000000000000000                          0000000000                                                                  000045
1            A38RO1000002                      162706834                                                    092504170000070683                    3004160000000104000         K000000000000000000000000000000000000000000000000000000000000000000000000000000000000000000000000000000000000000000000                          0000000000                                                                  000046
1            A38RO2000002                      162707032                                                    092504170000070703                    3004160000000104000         K000000000000000000000000000000000000000000000000000000000000000000000000000000000000000000000000000000000000000000000                          0000000000                                                                  000047
1            A38RO3000001                      162707121                                                    092504170000070712                    3004160000000072500         K000000000000000000000000000000000000000000000000000000000000000000000000000000000000000000000000000000000000000000000                          0000000000                                                                  000048
1            A38RNM000002                      162707210                                                    092504170000070721                    3004160000000073500         K000000000000000000000000000000000000000000000000000000000000000000000000000000000000000000000000000000000000000000000                          0000000000                                                                  000049
1            A38RMX000002                      162724140                                                    092504170000072414                    3004160000000084000         K000000000000000000000000000000000000000000000000000000000000000000000000000000000000000000000000000000000000000000000                          0000000000                                                                  000050
1            A38RO4000002                      162724638                                                    092504170000072463                    3004160000000056355         K000000000000000000000000000000000000000000000000000000000000000000000000000000000000000000000000000000000000000000000                          0000000000                                                                  000051
1            A38RN4000001                      162725120                                                    092504170000072512                    3004160000000104000         K000000000000000000000000000000000000000000000000000000000000000000000000000000000000000000000000000000000000000000000                          0000000000                                                                  000052
1            A38RO5000001                      162725227                                                    092504170000072522                    3004160000000072500         K000000000000000000000000000000000000000000000000000000000000000000000000000000000000000000000000000000000000000000000                          0000000000                                                                  000053
1            A38RO6000002                      162725529                                                    092504170000072552                    3004160000000104000         K000000000000000000000000000000000000000000000000000000000000000000000000000000000000000000000000000000000000000000000                          0000000000                                                                  000054
1            A38RO7000002                      162726576                                                    092504170000072657                    3004160000000114500         K000000000000000000000000000000000000000000000000000000000000000000000000000000000000000000000000000000000000000000000                          0000000000                                                                  000055
1            A38RMZ000002                      162722309                                                    092504170000072230                    3004160000000070667         K000000000000000000000000000000000000000000000000000000000000000000000000000000000000000000000000000000000000000000000                          0000000000                                                                  000056
1            A38RO8000002                      162700356                                                    092504170000070035                    3004160000000050213         K000000000000000000000000000000000000000000000000000000000000000000000000000000000000000000000000000000000000000000000                          0000000000                                                                  000057
1            A38RO9000002                      162725707                                                    092504170000072570                    3004160000000104000         K000000000000000000000000000000000000000000000000000000000000000000000000000000000000000000000000000000000000000000000                          0000000000                                                                  000058
1            A38ROA000002                      162725413                                                    092504170000072541                    3004160000000104000         K000000000000000000000000000000000000000000000000000000000000000000000000000000000000000000000000000000000000000000000                          0000000000                                                                  000059
1            A38ROB000002                      162726681                                                    092504170000072668                    3004160000000125000         K000000000000000000000000000000000000000000000000000000000000000000000000000000000000000000000000000000000000000000000                          0000000000                                                                  000060
1            A38ROD000002                      162727041                                                    092504170000072704                    3004160000000068640         K000000000000000000000000000000000000000000000000000000000000000000000000000000000000000000000000000000000000000000000                          0000000000                                                                  000061
1            A38ROE000002                      162727157                                                    092504170000072715                    3004160000000071711         K000000000000000000000000000000000000000000000000000000000000000000000000000000000000000000000000000000000000000000000                          0000000000                                                                  000062
1            A38RMW000002                      162727262                                                    092504170000072726                    3004160000000062498         K000000000000000000000000000000000000000000000000000000000000000000000000000000000000000000000000000000000000000000000                          0000000000                                                                  000063
1            A38ROF000002                      162726290                                                    092504170000072629                    3004160000000114500         K000000000000000000000000000000000000000000000000000000000000000000000000000000000000000000000000000000000000000000000                          0000000000                                                                  000064
1            A38RTQ000002                      162848094                                                    092504170000084809                    3004160000000024570         K000000000000000000000000000000000000000000000000000000000000000000000000000000000000000000000000000000000000000000000                          0000000000                                                                  000065
1            A38RFK000002                      162850390                                                    092504170000085039                    3004160000000080925         K000000000000000000000000000000000000000000000000000000000000000000000000000000000000000000000000000000000000000000000                          0000000000                                                                  000066
1            A38RBR000002                      162840379                                                    092504170000084037                    3004160000000052823         K000000000000000000000000000000000000000000000000000000000000000000000000000000000000000000000000000000000000000000000                          0000000000                                                                  000067
1            A38RCA000002                      162841723                                                    092504170000084172                    3004160000000069675         K000000000000000000000000000000000000000000000000000000000000000000000000000000000000000000000000000000000000000000000                          0000000000                                                                  000068
9274826431                                                                                                                                                                                                                                                                                                                                                                                                000069
