02RETORNO01COBRANCA       2643103361110000177                               748BANSICREDI     20170310        0000118                                                                                                                                                                                                                                                                                 1.00000001
1            A38R9M000002                      172017810                                                    060903170000001781090312              2802170000000033318         K000000000000000000000000000000000000000000000000000000000000000000000000000000000000003407300000000000900000000000666                          000000000020170310                                                          000002
1            A38RAW000002                      172024973                                                    060903170000002497090325              3103170000000063848         K000000000000000000000000000000000000000000000000000000000000000000000000002448000000006140000000000000000000000000000                          000000000020170310                                                          000003
1            A38RA6000002                      172017497                                                    060903170000001749090316              3103170000000054689         K000000000000000000000000000000000000000000000000000000000000000000000000001989000000005270000000000000000000000000000                          000000000020170310                                                          000004
1            A39JZY000002                      172001108                                                    060903170000000110COMPE               3103170000000054689         K000000000000000000000000000000000000000000000000000000000000000000000000000000000000005270000000000000000000000000000                          H50000000020170310                                                          000005
1            A39K00000002                      172001540                                                    060903170000000154COMPE               3103170000000051636         K000000000000000000000000000000000000000000000000000000000000000000000000000000000000004980000000000000000000000000000                          H50000000020170310                                                          000006
1            A39K03000002                      172001876                                                    060903170000000187COMPE               3103170000000051636         K000000000000000000000000000000000000000000000000000000000000000000000000000000000000004980000000000000000000000000000                          H50000000020170310                                                          000007
1            A39K0F000002                      172003410                                                    060903170000000341COMPE               3103170000000033318         K000000000000000000000000000000000000000000000000000000000000000000000000000000000000003240000000000000000000000000000                          H50000000020170310                                                          000008
1            A39K20000002                      172010670                                                    060903170000001067COMPE               3103170000000063848         K000000000000000000000000000000000000000000000000000000000000000000000000000000000000006140000000000000000000000000000                          H50000000020170310                                                          000009
1            A38R9M000002                      172017829                                                    060903170000001782COMPE               3103170000000033318         K000000000000000000000000000000000000000000000000000000000000000000000000000000000000003331800000000000000000000000000                          H50000000020170310                                                          000010
1            A39K3I000002                      172018370                                                    060903170000001837COMPE               3103170000000063848         K000000000000000000000000000000000000000000000000000000000000000000000000000000000000006140000000000000000000000000000                          H50000000020170310                                                          000011
1            A39K3K000002                      172018701                                                    060903170000001870COMPE               3103170000000051636         K000000000000000000000000000000000000000000000000000000000000000000000000000000000000004980000000000000000000000000000                          H50000000020170310                                                          000012
1            A38RB2000002                      172021567                                                    060903170000002156COMPE               3103170000000045530         K000000000000000000000000000000000000000000000000000000000000000000000000000000000000004400000000000000000000000000000                          H50000000020170310                                                          000013
1            A38RAU000002                      172023870                                                    060903170000002387COMPE               3103170000000063848         K000000000000000000000000000000000000000000000000000000000000000000000000000000000000006140000000000000000000000000000                          H50000000020170310                                                          000014
1            A38RCT000001                      172029487                                                    060903170000002948COMPE               3103170000000041555         K000000000000000000000000000000000000000000000000000000000000000000000000000000000000004055000000000000000000000000000                          H50000000020170310                                                          000015
1            A39K4V000002                      172032674                                                    060903170000003267COMPE               3103170000000068295         K000000000000000000000000000000000000000000000000000000000000000000000000000000000000006595000000000000000000000000000                          H50000000020170310                                                          000016
1            A39K4Y000001                      172034219                                                    060903170000003421COMPE               3103170000000048240         K000000000000000000000000000000000000000000000000000000000000000000000000000000000000004690000000000000000000000000000                          H50000000020170310                                                          000017
1            A38RRT000002                      172034430                                                    060903170000003443COMPE               3103170000000088350         K000000000000000000000000000000000000000000000000000000000000000000000000000000000000008500000000000000000000000000000                          H50000000020170310                                                          000018
1            A39K5K000002                      172039270                                                    060903170000003927COMPE               3103170000000088350         K000000000000000000000000000000000000000000000000000000000000000000000000000000000000008500000000000000000000000000000                          H50000000020170310                                                          000019
1            A39K1H000002                      172040812                                                    060903170000004081COMPE               3103170000000045530         K000000000000000000000000000000000000000000000000000000000000000000000000000000000000004400000000000000000000000000000                          H50000000020170310                                                          000020
1            A39KDO000002                      172302574                                                    060903170000030257COMPE               3103170000000104583         K000000000000000000000000000000000000000000000000000000000000000000000000000000000000010060000000000000000000000000000                          H50000000020170310                                                          000021
1            A39KED000001                      172303082                                                    060903170000030308COMPE               3103170000000093214         K000000000000000000000000000000000000000000000000000000000000000000000000000000000000008980000000000000000000000000000                          H50000000020170310                                                          000022
1            A39KE4000002                      172304186                                                    060903170000030418COMPE               3103170000000110268         K000000000000000000000000000000000000000000000000000000000000000000000000000000000000010600000000000000000000000000000                          H50000000020170310                                                          000023
1            A39KE1000002                      172310925                                                    060903170000031092COMPE               3103170000000064953         K000000000000000000000000000000000000000000000000000000000000000000000000000000000000006277500000000000000000000000000                          H50000000020170310                                                          000024
1            A39KE1000002                      172311140                                                    060903170000031114COMPE               3103170000000064953         K000000000000000000000000000000000000000000000000000000000000000000000000000000000000006277500000000000000000000000000                          H50000000020170310                                                          000025
1            A39KDY000002                      172312260                                                    060903170000031226COMPE               3103170000000041555         K000000000000000000000000000000000000000000000000000000000000000000000000000000000000004055000000000000000000000000000                          H50000000020170310                                                          000026
1            A38R9M000002                      172017810                                                    280903170000001781                    2802170000000033318         K000000000011500000000000000000000000000000000000000000000000000000000000000000000000000011500000000000000000000000000                          B30000000020170309                                                          000027
1            A38RAW000002                      172024973                                                    280903170000002497                    3103170000000063848         K000000000011500000000000000000000000000000000000000000000000000000000000000000000000000011500000000000000000000000000                          B30000000020170309                                                          000028
1            A38RA6000002                      172017497                                                    280903170000001749                    3103170000000054689         K000000000011500000000000000000000000000000000000000000000000000000000000000000000000000011500000000000000000000000000                          B30000000020170309                                                          000029
1            A39JZY000002                      172001108                                                    280903170000000110                    3103170000000054689         K000000000011500000000000000000000000000000000000000000000000000000000000000000000000000011500000000000000000000000000                          B30000000020170309                                                          000030
1            A39K00000002                      172001540                                                    280903170000000154                    3103170000000051636         K000000000011500000000000000000000000000000000000000000000000000000000000000000000000000011500000000000000000000000000                          B30000000020170309                                                          000031
1            A39K03000002                      172001876                                                    280903170000000187                    3103170000000051636         K000000000011500000000000000000000000000000000000000000000000000000000000000000000000000011500000000000000000000000000                          B30000000020170309                                                          000032
1            A39K0F000002                      172003410                                                    280903170000000341                    3103170000000033318         K000000000011500000000000000000000000000000000000000000000000000000000000000000000000000011500000000000000000000000000                          B30000000020170309                                                          000033
1            A39K20000002                      172010670                                                    280903170000001067                    3103170000000063848         K000000000011500000000000000000000000000000000000000000000000000000000000000000000000000011500000000000000000000000000                          B30000000020170309                                                          000034
1            A38R9M000002                      172017829                                                    280903170000001782                    3103170000000033318         K000000000011500000000000000000000000000000000000000000000000000000000000000000000000000011500000000000000000000000000                          B30000000020170309                                                          000035
1            A39K3I000002                      172018370                                                    280903170000001837                    3103170000000063848         K000000000011500000000000000000000000000000000000000000000000000000000000000000000000000011500000000000000000000000000                          B30000000020170309                                                          000036
1            A39K3K000002                      172018701                                                    280903170000001870                    3103170000000051636         K000000000011500000000000000000000000000000000000000000000000000000000000000000000000000011500000000000000000000000000                          B30000000020170309                                                          000037
1            A38RB2000002                      172021567                                                    280903170000002156                    3103170000000045530         K000000000011500000000000000000000000000000000000000000000000000000000000000000000000000011500000000000000000000000000                          B30000000020170309                                                          000038
1            A38RAU000002                      172023870                                                    280903170000002387                    3103170000000063848         K000000000011500000000000000000000000000000000000000000000000000000000000000000000000000011500000000000000000000000000                          B30000000020170309                                                          000039
1            A38RCT000001                      172029487                                                    280903170000002948                    3103170000000041555         K000000000011500000000000000000000000000000000000000000000000000000000000000000000000000011500000000000000000000000000                          B30000000020170309                                                          000040
1            A39K4V000002                      172032674                                                    280903170000003267                    3103170000000068295         K000000000011500000000000000000000000000000000000000000000000000000000000000000000000000011500000000000000000000000000                          B30000000020170309                                                          000041
1            A39K4Y000001                      172034219                                                    280903170000003421                    3103170000000048240         K000000000011500000000000000000000000000000000000000000000000000000000000000000000000000011500000000000000000000000000                          B30000000020170309                                                          000042
1            A38RRT000002                      172034430                                                    280903170000003443                    3103170000000088350         K000000000011500000000000000000000000000000000000000000000000000000000000000000000000000011500000000000000000000000000                          B30000000020170309                                                          000043
1            A39K5K000002                      172039270                                                    280903170000003927                    3103170000000088350         K000000000011500000000000000000000000000000000000000000000000000000000000000000000000000011500000000000000000000000000                          B30000000020170309                                                          000044
1            A39K1H000002                      172040812                                                    280903170000004081                    3103170000000045530         K000000000011500000000000000000000000000000000000000000000000000000000000000000000000000011500000000000000000000000000                          B30000000020170309                                                          000045
1            A39KDO000002                      172302574                                                    280903170000030257                    3103170000000104583         K000000000011500000000000000000000000000000000000000000000000000000000000000000000000000011500000000000000000000000000                          B30000000020170309                                                          000046
1            A39KED000001                      172303082                                                    280903170000030308                    3103170000000093214         K000000000011500000000000000000000000000000000000000000000000000000000000000000000000000011500000000000000000000000000                          B30000000020170309                                                          000047
1            A39KE4000002                      172304186                                                    280903170000030418                    3103170000000110268         K000000000011500000000000000000000000000000000000000000000000000000000000000000000000000011500000000000000000000000000                          B30000000020170309                                                          000048
1            A39KE1000002                      172310925                                                    280903170000031092                    3103170000000064953         K000000000011500000000000000000000000000000000000000000000000000000000000000000000000000011500000000000000000000000000                          B30000000020170309                                                          000049
1            A39KE1000002                      172311140                                                    280903170000031114                    3103170000000064953         K000000000011500000000000000000000000000000000000000000000000000000000000000000000000000011500000000000000000000000000                          B30000000020170309                                                          000050
1            A39KDY000002                      172312260                                                    280903170000031226                    3103170000000041555         K000000000011500000000000000000000000000000000000000000000000000000000000000000000000000011500000000000000000000000000                          B30000000020170309                                                          000051
1            C0000000000                       172037730                                                    06090317          090202                    0000000073977                                                              00000000026290000000000000000000007134800000000000000000000000000                          00        20170310                                                          000052
1            C0000000000                       172037730                                                    28090317          090202                    0000000000115                                                              00000000026290000000000000000000007134800000000000000000000000000                          B3        20170309                                                          000053
9274826431                                                                                                                                                                                                                                                                                                                                                                                                000054
