02RETORNO01COBRANCA       2643103361110000177                               748BANSICREDI     20170524        0000165                                                                                                                                                                                                                                                                                 1.00000001
1            A38RC7000002                      172035541                                                    062305170000003554090316              3004170000000048240         K000000000000000000000000000000000000000000000000000000000000000000000000000000000000004845600000000002070000000000000                          000000000020170524                                                          000002
1            A39K2I000002                      172013114                                                    062305170000001311COMPE               3105170000000063848         K000000000000000000000000000000000000000000000000000000000000000000000000000000000000006384800000000000000000000000000                          H50000000020170524                                                          000003
1            A38RC7000002                      172035541                                                    282305170000003554                    3004170000000048240         K000000000011500000000000000000000000000000000000000000000000000000000000000000000000000011500000000000000000000000000                          B30000000020170523                                                          000004
1            A39K2I000002                      172013114                                                    282305170000001311                    3105170000000063848         K000000000011500000000000000000000000000000000000000000000000000000000000000000000000000011500000000000000000000000000                          B30000000020170523                                                          000005
9274826431                                                                                                                                                                                                                                                                                                                                                                                                000006
