02RETORNO01COBRANCA       2643103361110000177                               748BANSICREDI     20170327        0000129                                                                                                                                                                                                                                                                                 1.00000001
1            A39KEJ000002                      172309285                                                    062403170000030928090303              3103170000000138690         K000000000000000000000000000000000000000000000000000000000000000000000000000000000000013869000000000000000000000000000                          000000000020170327                                                          000002
1            A39K1P000002                      172009249                                                    062403170000000924COMPE               3103170000000063848         K000000000000000000000000000000000000000000000000000000000000000000000000000000000000006384800000000000000000000000000                          H50000000020170327                                                          000003
1            A39K1R000002                      172009460                                                    062403170000000946COMPE               3103170000000054689         K000000000000000000000000000000000000000000000000000000000000000000000000000000000000005468900000000000000000000000000                          H50000000020170327                                                          000004
1            A39K3M000002                      172019147                                                    062403170000001914COMPE               3103170000000066901         K000000000000000000000000000000000000000000000000000000000000000000000000000000000000006690100000000000000000000000000                          H50000000020170327                                                          000005
1            A39KEJ000002                      172309285                                                    282403170000030928                    3103170000000138690         K000000000011500000000000000000000000000000000000000000000000000000000000000000000000000011500000000000000000000000000                          B30000000020170324                                                          000006
1            A39K1P000002                      172009249                                                    282403170000000924                    3103170000000063848         K000000000011500000000000000000000000000000000000000000000000000000000000000000000000000011500000000000000000000000000                          B30000000020170324                                                          000007
1            A39K1R000002                      172009460                                                    282403170000000946                    3103170000000054689         K000000000011500000000000000000000000000000000000000000000000000000000000000000000000000011500000000000000000000000000                          B30000000020170324                                                          000008
1            A39K3M000002                      172019147                                                    282403170000001914                    3103170000000066901         K000000000011500000000000000000000000000000000000000000000000000000000000000000000000000011500000000000000000000000000                          B30000000020170324                                                          000009
1            A38RMX000002                      162724131                                                    092703170000072413                    3003160000000084000         K000000000000000000000000000000000000000000000000000000000000000000000000000000000000000000000000000000000000000000000                          0000000000                                                                  000010
1            A38RMY000002                      162723089                                                    092703170000072308                    3003160000000093500         K000000000000000000000000000000000000000000000000000000000000000000000000000000000000000000000000000000000000000000000                          0000000000                                                                  000011
1            A38RBH000002                      162700569                                                    092703170000070056                    3003160000000071711         K000000000000000000000000000000000000000000000000000000000000000000000000000000000000000000000000000000000000000000000                          0000000000                                                                  000012
1            A38RAV000002                      162701000                                                    092703170000070100                    3003160000000062498         K000000000000000000000000000000000000000000000000000000000000000000000000000000000000000000000000000000000000000000000                          0000000000                                                                  000013
1            A38RN0000002                      162701115                                                    092703170000070111                    3003160000000062498         K000000000000000000000000000000000000000000000000000000000000000000000000000000000000000000000000000000000000000000000                          0000000000                                                                  000014
1            A38RN1000002                      162701336                                                    092703170000070133                    3003160000000065569         K000000000000000000000000000000000000000000000000000000000000000000000000000000000000000000000000000000000000000000000                          0000000000                                                                  000015
1            A38RN2000002                      162701778                                                    092703170000070177                    3003160000000068640         K000000000000000000000000000000000000000000000000000000000000000000000000000000000000000000000000000000000000000000000                          0000000000                                                                  000016
1            A38RN3000001                      162701999                                                    092703170000070199                    3003160000000056355         K000000000000000000000000000000000000000000000000000000000000000000000000000000000000000000000000000000000000000000000                          0000000000                                                                  000017
1            A38RN5000002                      162702103                                                    092703170000070210                    3003160000000050213         K000000000000000000000000000000000000000000000000000000000000000000000000000000000000000000000000000000000000000000000                          0000000000                                                                  000018
1            A38RO9000002                      162725693                                                    092703170000072569                    3003160000000104000         K000000000000000000000000000000000000000000000000000000000000000000000000000000000000000000000000000000000000000000000                          0000000000                                                                  000019
1            A38RN6000002                      162702219                                                    092703170000070221                    3003160000000056355         K000000000000000000000000000000000000000000000000000000000000000000000000000000000000000000000000000000000000000000000                          0000000000                                                                  000020
1            A38ROA000002                      162725405                                                    092703170000072540                    3003160000000104000         K000000000000000000000000000000000000000000000000000000000000000000000000000000000000000000000000000000000000000000000                          0000000000                                                                  000021
1            A38RN7000002                      162702545                                                    092703170000070254                    3003160000000050213         K000000000000000000000000000000000000000000000000000000000000000000000000000000000000000000000000000000000000000000000                          0000000000                                                                  000022
1            A38RB2000002                      162702766                                                    092703170000070276                    3003160000000050213         K000000000000000000000000000000000000000000000000000000000000000000000000000000000000000000000000000000000000000000000                          0000000000                                                                  000023
1            A38RN8000002                      162702871                                                    092703170000070287                    3003160000000050213         K000000000000000000000000000000000000000000000000000000000000000000000000000000000000000000000000000000000000000000000                          0000000000                                                                  000024
1            A38ROB000002                      162726797                                                    092703170000072679                    3003160000000020000         K000000000000000000000000000000000000000000000000000000000000000000000000000000000000000000000000000000000000000000000                          0000000000                                                                  000025
1            A38RN9000002                      162702987                                                    092703170000070298                    3003160000000080925         K000000000000000000000000000000000000000000000000000000000000000000000000000000000000000000000000000000000000000000000                          0000000000                                                                  000026
1            A38RNA000002                      162703096                                                    092703170000070309                    3003160000000062498         K000000000000000000000000000000000000000000000000000000000000000000000000000000000000000000000000000000000000000000000                          0000000000                                                                  000027
1            A38ROD000002                      162727033                                                    092703170000072703                    3003160000000068640         K000000000000000000000000000000000000000000000000000000000000000000000000000000000000000000000000000000000000000000000                          0000000000                                                                  000028
1            A38RNB000002                      162703207                                                    092703170000070320                    3003160000000109250         K000000000000000000000000000000000000000000000000000000000000000000000000000000000000000000000000000000000000000000000                          0000000000                                                                  000029
1            A38RNC000002                      162703312                                                    092703170000070331                    3003160000000098750         K000000000000000000000000000000000000000000000000000000000000000000000000000000000000000000000000000000000000000000000                          0000000000                                                                  000030
1            A38ROE000002                      162727149                                                    092703170000072714                    3003160000000071711         K000000000000000000000000000000000000000000000000000000000000000000000000000000000000000000000000000000000000000000000                          0000000000                                                                  000031
1            A38RND000002                      162703428                                                    092703170000070342                    3003160000000125000         K000000000000000000000000000000000000000000000000000000000000000000000000000000000000000000000000000000000000000000000                          0000000000                                                                  000032
1            A38RMW000002                      162727254                                                    092703170000072725                    3003160000000062498         K000000000000000000000000000000000000000000000000000000000000000000000000000000000000000000000000000000000000000000000                          0000000000                                                                  000033
1            A38ROF000002                      162726282                                                    092703170000072628                    3003160000000114500         K000000000000000000000000000000000000000000000000000000000000000000000000000000000000000000000000000000000000000000000                          0000000000                                                                  000034
1            A38RNE000002                      162703533                                                    092703170000070353                    3003160000000114500         K000000000000000000000000000000000000000000000000000000000000000000000000000000000000000000000000000000000000000000000                          0000000000                                                                  000035
1            A38RNF000002                      162703711                                                    092703170000070371                    3003160000000090667         K000000000000000000000000000000000000000000000000000000000000000000000000000000000000000000000000000000000000000000000                          0000000000                                                                  000036
1            A38RNG000002                      162703800                                                    092703170000070380                    3003160000000104000         K000000000000000000000000000000000000000000000000000000000000000000000000000000000000000000000000000000000000000000000                          0000000000                                                                  000037
1            A38RNH000002                      162703894                                                    092703170000070389                    3003160000000104000         K000000000000000000000000000000000000000000000000000000000000000000000000000000000000000000000000000000000000000000000                          0000000000                                                                  000038
1            A38RNI000002                      162703983                                                    092703170000070398                    3003160000000072500         K000000000000000000000000000000000000000000000000000000000000000000000000000000000000000000000000000000000000000000000                          0000000000                                                                  000039
1            A38RNJ000002                      162704076                                                    092703170000070407                    3003160000000090667         K000000000000000000000000000000000000000000000000000000000000000000000000000000000000000000000000000000000000000000000                          0000000000                                                                  000040
1            A38RNK000002                      162704165                                                    092703170000070416                    3003160000000072500         K000000000000000000000000000000000000000000000000000000000000000000000000000000000000000000000000000000000000000000000                          0000000000                                                                  000041
1            A38RNL000002                      162707881                                                    092703170000070788                    3003160000000061833         K000000000000000000000000000000000000000000000000000000000000000000000000000000000000000000000000000000000000000000000                          0000000000                                                                  000042
1            A38RMV000002                      162704556                                                    092703170000070455                    3003160000000066250         K000000000000000000000000000000000000000000000000000000000000000000000000000000000000000000000000000000000000000000000                          0000000000                                                                  000043
1            A38RNM000002                      162704645                                                    092703170000070464                    3003160000000063000         K000000000000000000000000000000000000000000000000000000000000000000000000000000000000000000000000000000000000000000000                          0000000000                                                                  000044
1            A38RNN000002                      162704734                                                    092703170000070473                    3003160000000104000         K000000000000000000000000000000000000000000000000000000000000000000000000000000000000000000000000000000000000000000000                          0000000000                                                                  000045
1            A38RN4000001                      162725111                                                    092703170000072511                    3003160000000104000         K000000000000000000000000000000000000000000000000000000000000000000000000000000000000000000000000000000000000000000000                          0000000000                                                                  000046
1            A38RNO000002                      162705005                                                    092703170000070500                    3003160000000073500         K000000000000000000000000000000000000000000000000000000000000000000000000000000000000000000000000000000000000000000000                          0000000000                                                                  000047
1            A38RNP000002                      162705099                                                    092703170000070509                    3003160000000093500         K000000000000000000000000000000000000000000000000000000000000000000000000000000000000000000000000000000000000000000000                          0000000000                                                                  000048
1            A38RNQ000002                      162705188                                                    092703170000070518                    3003160000000109250         K000000000000000000000000000000000000000000000000000000000000000000000000000000000000000000000000000000000000000000000                          0000000000                                                                  000049
1            A38RNR000002                      162705277                                                    092703170000070527                    3003160000000078750         K000000000000000000000000000000000000000000000000000000000000000000000000000000000000000000000000000000000000000000000                          0000000000                                                                  000050
1            A38RNS000002                      162705366                                                    092703170000070536                    3003160000000109250         K000000000000000000000000000000000000000000000000000000000000000000000000000000000000000000000000000000000000000000000                          0000000000                                                                  000051
1            A38RNT000002                      162705544                                                    092703170000070554                    3003160000000093500         K000000000000000000000000000000000000000000000000000000000000000000000000000000000000000000000000000000000000000000000                          0000000000                                                                  000052
1            A38RNU000002                      162705633                                                    092703170000070563                    3003160000000086250         K000000000000000000000000000000000000000000000000000000000000000000000000000000000000000000000000000000000000000000000                          0000000000                                                                  000053
1            A38RNV000002                      162705722                                                    092703170000070572                    3003160000000068250         K000000000000000000000000000000000000000000000000000000000000000000000000000000000000000000000000000000000000000000000                          0000000000                                                                  000054
1            A38RNW000002                      162706001                                                    092703170000070600                    3003160000000072500         K000000000000000000000000000000000000000000000000000000000000000000000000000000000000000000000000000000000000000000000                          0000000000                                                                  000055
1            A38RNX000002                      162706192                                                    092703170000070619                    3003160000000073500         K000000000000000000000000000000000000000000000000000000000000000000000000000000000000000000000000000000000000000000000                          0000000000                                                                  000056
1            A38RNY000002                      162726460                                                    092703170000072646                    3003160000000104000         K000000000000000000000000000000000000000000000000000000000000000000000000000000000000000000000000000000000000000000000                          0000000000                                                                  000057
1            A38RNZ000002                      162706559                                                    092703170000070655                    3003160000000093500         K000000000000000000000000000000000000000000000000000000000000000000000000000000000000000000000000000000000000000000000                          0000000000                                                                  000058
1            A38RO0000002                      162706648                                                    092703170000070664                    3003160000000109250         K000000000000000000000000000000000000000000000000000000000000000000000000000000000000000000000000000000000000000000000                          0000000000                                                                  000059
1            A38RO1000002                      162706826                                                    092703170000070682                    3003160000000104000         K000000000000000000000000000000000000000000000000000000000000000000000000000000000000000000000000000000000000000000000                          0000000000                                                                  000060
1            A38RO2000002                      162707024                                                    092703170000070702                    3003160000000104000         K000000000000000000000000000000000000000000000000000000000000000000000000000000000000000000000000000000000000000000000                          0000000000                                                                  000061
1            A38RO3000001                      162707113                                                    092703170000070711                    3003160000000072500         K000000000000000000000000000000000000000000000000000000000000000000000000000000000000000000000000000000000000000000000                          0000000000                                                                  000062
1            A38RNM000002                      162707202                                                    092703170000070720                    3003160000000073500         K000000000000000000000000000000000000000000000000000000000000000000000000000000000000000000000000000000000000000000000                          0000000000                                                                  000063
1            A38RO4000002                      162724620                                                    092703170000072462                    3003160000000056355         K000000000000000000000000000000000000000000000000000000000000000000000000000000000000000000000000000000000000000000000                          0000000000                                                                  000064
1            A38RO5000001                      162725219                                                    092703170000072521                    3003160000000072500         K000000000000000000000000000000000000000000000000000000000000000000000000000000000000000000000000000000000000000000000                          0000000000                                                                  000065
1            A38RO6000002                      162725510                                                    092703170000072551                    3003160000000104000         K000000000000000000000000000000000000000000000000000000000000000000000000000000000000000000000000000000000000000000000                          0000000000                                                                  000066
1            A38RO7000002                      162726568                                                    092703170000072656                    3003160000000114500         K000000000000000000000000000000000000000000000000000000000000000000000000000000000000000000000000000000000000000000000                          0000000000                                                                  000067
1            A38RMZ000002                      162722295                                                    092703170000072229                    3003160000000070667         K000000000000000000000000000000000000000000000000000000000000000000000000000000000000000000000000000000000000000000000                          0000000000                                                                  000068
1            A38RO8000002                      162700348                                                    092703170000070034                    3003160000000050213         K000000000000000000000000000000000000000000000000000000000000000000000000000000000000000000000000000000000000000000000                          0000000000                                                                  000069
1            A38RFK000002                      162850382                                                    092703170000085038                    3103160000000080925         K000000000000000000000000000000000000000000000000000000000000000000000000000000000000000000000000000000000000000000000                          0000000000                                                                  000070
9274826431                                                                                                                                                                                                                                                                                                                                                                                                000071
