02RETORNO01COBRANCA       2643103361110000177                               748BANSICREDI     20170531        0000170                                                                                                                                                                                                                                                                                 1.00000001
1            A38RBO000002                      172030388                                                    063005170000003038COMPE               3105170000000054925         K000000000000000000000000000000000000000000000000000000000000000000000000000000000000005492500000000000000000000000000                          H50000000020170531                                                          000002
1            A39KE5000002                      172312510                                                    063005170000031251COMPE               3105170000000021500         K000000000000000000000000000000000000000000000000000000000000000000000000000000000000002150000000000000000000000000000                          H50000000020170531                                                          000003
1            A38RBO000002                      172030388                                                    283005170000003038                    3105170000000054925         K000000000011500000000000000000000000000000000000000000000000000000000000000000000000000011500000000000000000000000000                          B30000000020170530                                                          000004
1            A39KE5000002                      172312510                                                    283005170000031251                    3105170000000021500         K000000000011500000000000000000000000000000000000000000000000000000000000000000000000000011500000000000000000000000000                          B30000000020170530                                                          000005
9274826431                                                                                                                                                                                                                                                                                                                                                                                                000006
