02RETORNO01COBRANCA       2643103361110000177                               748BANSICREDI     20170515        0000160                                                                                                                                                                                                                                                                                 1.00000001
1            A39K1L000002                      172008714                                                    061205170000000871COMPE               3105170000000051636         K000000000000000000000000000000000000000000000000000000000000000000000000000000000000005163600000000000000000000000000                          H50000000020170515                                                          000002
1            A39K1L000002                      172008714                                                    281205170000000871                    3105170000000051636         K000000000011500000000000000000000000000000000000000000000000000000000000000000000000000011500000000000000000000000000                          B30000000020170512                                                          000003
9274826431                                                                                                                                                                                                                                                                                                                                                                                                000004
