02RETORNO01COBRANCA       2643103361110000177                               748BANSICREDI     20170512        0000159                                                                                                                                                                                                                                                                                 1.00000001
1            A38RA7000002                      172021257                                                    061105170000002125090312              3105170000000060795         K000000000000000000000000000000000000000000000000000000000000000000000000000000000000006079500000000000000000000000000                          000000000020170512                                                          000002
1            A39KR9000002                      172314610                                                    061105170000031461090302              3105170000000121637         K000000000000000000000000000000000000000000000000000000000000000000000000000000000000012163700000000000000000000000000                          000000000020170512                                                          000003
1            A39K2K000002                      172013440                                                    061105170000001344COMPE               3105170000000076060         K000000000000000000000000000000000000000000000000000000000000000000000000000000000000007606000000000000000000000000000                          H50000000020170512                                                          000004
1            A38RA3000002                      172024779                                                    061105170000002477COMPE               3105170000000060795         K000000000000000000000000000000000000000000000000000000000000000000000000000000000000006079500000000000000000000000000                          H50000000020170512                                                          000005
1            A38RB0000002                      172025651                                                    061105170000002565COMPE               3105170000000060795         K000000000000000000000000000000000000000000000000000000000000000000000000000000000000005850000000000000000000000000000                          H50000000020170512                                                          000006
1            A39L24000002                      172041711                                                    061105170000004171COMPE               3105170000000033318         K000000000000000000000000000000000000000000000000000000000000000000000000000000000000003331800000000000000000000000000                          H50000000020170512                                                          000007
1            A39M32000002                      172042149                                                    061105170000004214COMPE               3105170000000076060         K000000000000000000000000000000000000000000000000000000000000000000000000000000000000007606000000000000000000000000000                          H50000000020170512                                                          000008
1            A38RO6000002                      172307703                                                    061105170000030770COMPE               3105170000000090952         K000000000000000000000000000000000000000000000000000000000000000000000000000000000000008640000000000000000000000000000                          H50000000020170512                                                          000009
1            A38RA7000002                      172021257                                                    281105170000002125                    3105170000000060795         K000000000011500000000000000000000000000000000000000000000000000000000000000000000000000011500000000000000000000000000                          B30000000020170511                                                          000010
1            A39KR9000002                      172314610                                                    281105170000031461                    3105170000000121637         K000000000011500000000000000000000000000000000000000000000000000000000000000000000000000011500000000000000000000000000                          B30000000020170511                                                          000011
1            A39K2K000002                      172013440                                                    281105170000001344                    3105170000000076060         K000000000011500000000000000000000000000000000000000000000000000000000000000000000000000011500000000000000000000000000                          B30000000020170511                                                          000012
1            A38RA3000002                      172024779                                                    281105170000002477                    3105170000000060795         K000000000011500000000000000000000000000000000000000000000000000000000000000000000000000011500000000000000000000000000                          B30000000020170511                                                          000013
1            A38RB0000002                      172025651                                                    281105170000002565                    3105170000000060795         K000000000011500000000000000000000000000000000000000000000000000000000000000000000000000011500000000000000000000000000                          B30000000020170511                                                          000014
1            A39L24000002                      172041711                                                    281105170000004171                    3105170000000033318         K000000000011500000000000000000000000000000000000000000000000000000000000000000000000000011500000000000000000000000000                          B30000000020170511                                                          000015
1            A39M32000002                      172042149                                                    281105170000004214                    3105170000000076060         K000000000011500000000000000000000000000000000000000000000000000000000000000000000000000011500000000000000000000000000                          B30000000020170511                                                          000016
1            A38RO6000002                      172307703                                                    281105170000030770                    3105170000000090952         K000000000011500000000000000000000000000000000000000000000000000000000000000000000000000011500000000000000000000000000                          B30000000020170511                                                          000017
9274826431                                                                                                                                                                                                                                                                                                                                                                                                000018
