02RETORNO01COBRANCA       2643103361110000177                               748BANSICREDI     20170406        0000137                                                                                                                                                                                                                                                                                 1.00000001
1            A39K0B000002                      172002872                                                    060504170000000287090302              3004170000000045530         K000000000000000000000000000000000000000000000000000000000000015300000000000000000000004400000000000000000000000000000                          000000000020170406                                                          000002
1            A39K15000002                      172006509                                                    060504170000000650COMPE               3004170000000063848         K000000000000000000000000000000000000000000000000000000000000000000000000000000000000006140000000000000000000000000000                          H50000000020170406                                                          000003
1            A39K1C000002                      172007602                                                    060504170000000760COMPE               3004170000000063848         K000000000000000000000000000000000000000000000000000000000000000000000000000000000000006140000000000000000000000000000                          H50000000020170406                                                          000004
1            A39K26000002                      172011782                                                    060504170000001178COMPE               3004170000000045530         K000000000000000000000000000000000000000000000000000000000000000000000000000000000000004400000000000000000000000000000                          H50000000020170406                                                          000005
1            A39K3F000002                      172017390                                                    060504170000001739COMPE               3004170000000057742         K000000000000000000000000000000000000000000000000000000000000000000000000000000000000005560000000000000000000000000000                          H50000000020170406                                                          000006
1            A39K26000002                      172020919                                                    060504170000002091COMPE               3004170000000015000         K000000000000000000000000000000000000000000000000000000000000000000000000000000000000001500000000000000000000000000000                          H50000000020170406                                                          000007
1            A39K4S000002                      172032020                                                    060504170000003202COMPE               3004170000000074980         K000000000000000000000000000000000000000000000000000000000000000000000000000000000000007230000000000000000000000000000                          H50000000020170406                                                          000008
1            A38RBY000002                      172033123                                                    060504170000003312COMPE               3004170000000068295         K000000000000000000000000000000000000000000000000000000000000000000000000000000000000006595000000000000000000000000000                          H50000000020170406                                                          000009
1            A38RCN000002                      172034006                                                    060504170000003400COMPE               3004170000000088350         K000000000000000000000000000000000000000000000000000000000000000000000000000000000000008500000000000000000000000000000                          H50000000020170406                                                          000010
1            A39K58000002                      172036750                                                    060504170000003675COMPE               3004170000000074980         K000000000000000000000000000000000000000000000000000000000000000000000000000000000000007230000000000000000000000000000                          H50000000020170406                                                          000011
1            A39K4Z000002                      172042670                                                    060504170000004267COMPE               3004170000000021500         K000000000000000000000000000000000000000000000000000000000000000000000000000000000000002150000000000000000000000000000                          H50000000020170406                                                          000012
1            A38RDH000001                      172311263                                                    060504170000031126COMPE               3004170000000074980         K000000000000000000000000000000000000000000000000000000000000000000000000000000000000007230000000000000000000000000000                          H50000000020170406                                                          000013
1            A39K0B000002                      172002872                                                    280504170000000287                    3004170000000045530         K000000000011500000000000000000000000000000000000000000000000000000000000000000000000000011500000000000000000000000000                          B30000000020170405                                                          000014
1            A39K15000002                      172006509                                                    280504170000000650                    3004170000000063848         K000000000011500000000000000000000000000000000000000000000000000000000000000000000000000011500000000000000000000000000                          B30000000020170405                                                          000015
1            A39K1C000002                      172007602                                                    280504170000000760                    3004170000000063848         K000000000011500000000000000000000000000000000000000000000000000000000000000000000000000011500000000000000000000000000                          B30000000020170405                                                          000016
1            A39K26000002                      172011782                                                    280504170000001178                    3004170000000045530         K000000000011500000000000000000000000000000000000000000000000000000000000000000000000000011500000000000000000000000000                          B30000000020170405                                                          000017
1            A39K3F000002                      172017390                                                    280504170000001739                    3004170000000057742         K000000000011500000000000000000000000000000000000000000000000000000000000000000000000000011500000000000000000000000000                          B30000000020170405                                                          000018
1            A39K26000002                      172020919                                                    280504170000002091                    3004170000000015000         K000000000011500000000000000000000000000000000000000000000000000000000000000000000000000011500000000000000000000000000                          B30000000020170405                                                          000019
1            A39K4S000002                      172032020                                                    280504170000003202                    3004170000000074980         K000000000011500000000000000000000000000000000000000000000000000000000000000000000000000011500000000000000000000000000                          B30000000020170405                                                          000020
1            A38RBY000002                      172033123                                                    280504170000003312                    3004170000000068295         K000000000011500000000000000000000000000000000000000000000000000000000000000000000000000011500000000000000000000000000                          B30000000020170405                                                          000021
1            A38RCN000002                      172034006                                                    280504170000003400                    3004170000000088350         K000000000011500000000000000000000000000000000000000000000000000000000000000000000000000011500000000000000000000000000                          B30000000020170405                                                          000022
1            A39K58000002                      172036750                                                    280504170000003675                    3004170000000074980         K000000000011500000000000000000000000000000000000000000000000000000000000000000000000000011500000000000000000000000000                          B30000000020170405                                                          000023
1            A39K4Z000002                      172042670                                                    280504170000004267                    3004170000000021500         K000000000011500000000000000000000000000000000000000000000000000000000000000000000000000011500000000000000000000000000                          B30000000020170405                                                          000024
1            A38RDH000001                      172311263                                                    280504170000031126                    3004170000000074980         K000000000011500000000000000000000000000000000000000000000000000000000000000000000000000011500000000000000000000000000                          B30000000020170405                                                          000025
1            C0000000000                       172018930                                                    06050417          COMPE                     0000000066901                                                              00000000000000000000000000000000006430000000000000000000000000000                          H5        20170406                                                          000026
1            C0000000000                       172018930                                                    28050417          COMPE                     0000000000115                                                              00000000000000000000000000000000006430000000000000000000000000000                          B3        20170405                                                          000027
9274826431                                                                                                                                                                                                                                                                                                                                                                                                000028
