02RETORNO01COBRANCA       2643103361110000177                               748BANSICREDI     20170314        0000120                                                                                                                                                                                                                                                                                 1.00000001
1            A38RDQ000002                      172312618                                                    061303170000031261090312              3004170000000061610         K000000000000000000000000000000000000000000000000000000000000000000000000002010000000005960000000000000000000000000000                          000000000020170314                                                          000002
1            A38RDQ000002                      172312626                                                    061303170000031262090312              3105170000000061610         K000000000000000000000000000000000000000000000000000000000000000000000000002010000000005960000000000000000000000000000                          000000000020170314                                                          000003
1            A38RDQ000002                      172312600                                                    061303170000031260090312              3103170000000061610         K000000000000000000000000000000000000000000000000000000000000000000000000000000000000006161000000000000000000000000000                          000000000020170314                                                          000004
1            A38RDQ000002                      172312596                                                    061303170000031259090312              2802170000000061610         K000000000000000000000000000000000000000000000000000000000000000000000000000000000000006292000000000000780000000001232                          000000000020170314                                                          000005
1            A39K3Y000002                      172022652                                                    061303170000002265090325              2802170000000015000         K000000000000000000000000000000000000000000000000000000000000000000000000000000000000001533900000000000390000000000300                          000000000020170314                                                          000006
1            A39K3Y000002                      172022660                                                    061303170000002266090325              3103170000000015000         K000000000000000000000000000000000000000000000000000000000000000000000000000000000000001500000000000000000000000000000                          000000000020170314                                                          000007
1            A39K0O000002                      172004506                                                    061303170000000450090304              2802170000000057742         K000000000000000000000000000000000000000000000000000000000000000000000000000000000000005790900000000001560000000000011                          000000000020170314                                                          000008
1            A38RA7000002                      172021230                                                    061303170000002123090312              3103170000000060795         K000000000000000000000000000000000000000000000000000000000000000000000000000000000000006079500000000000000000000000000                          000000000020170314                                                          000009
1            A38RA2000002                      172024310                                                    061303170000002431COMPE               3103170000000060795         K000000000000000000000000000000000000000000000000000000000000000000000000000000000000005850000000000000000000000000000                          H50000000020170314                                                          000010
1            A39KEY000002                      172306685                                                    061303170000030668COMPE               3103170000000104583         K000000000000000000000000000000000000000000000000000000000000000000000000000000000000010060000000000000000000000000000                          H50000000020170314                                                          000011
1            A39KEY000002                      172306987                                                    061303170000030698COMPE               3103170000000104583         K000000000000000000000000000000000000000000000000000000000000000000000000000000000000010060000000000000000000000000000                          H50000000020170314                                                          000012
1            A39KDN000002                      172307177                                                    061303170000030717COMPE               3103170000000059107         K000000000000000000000000000000000000000000000000000000000000000000000000000000000000005740000000000000000000000000000                          H50000000020170314                                                          000013
1            A39KEQ000002                      172315595                                                    061303170000031559COMPE               3103170000000081845         K000000000000000000000000000000000000000000000000000000000000000000000000000000000000007900000000000000000000000000000                          H50000000020170314                                                          000014
1            A38RDQ000002                      172312618                                                    281303170000031261                    3004170000000061610         K000000000011500000000000000000000000000000000000000000000000000000000000000000000000000011500000000000000000000000000                          B30000000020170313                                                          000015
1            A38RDQ000002                      172312626                                                    281303170000031262                    3105170000000061610         K000000000011500000000000000000000000000000000000000000000000000000000000000000000000000011500000000000000000000000000                          B30000000020170313                                                          000016
1            A38RDQ000002                      172312600                                                    281303170000031260                    3103170000000061610         K000000000011500000000000000000000000000000000000000000000000000000000000000000000000000011500000000000000000000000000                          B30000000020170313                                                          000017
1            A38RDQ000002                      172312596                                                    281303170000031259                    2802170000000061610         K000000000011500000000000000000000000000000000000000000000000000000000000000000000000000011500000000000000000000000000                          B30000000020170313                                                          000018
1            A39K3Y000002                      172022652                                                    281303170000002265                    2802170000000015000         K000000000011500000000000000000000000000000000000000000000000000000000000000000000000000011500000000000000000000000000                          B30000000020170313                                                          000019
1            A39K3Y000002                      172022660                                                    281303170000002266                    3103170000000015000         K000000000011500000000000000000000000000000000000000000000000000000000000000000000000000011500000000000000000000000000                          B30000000020170313                                                          000020
1            A39K0O000002                      172004506                                                    281303170000000450                    2802170000000057742         K000000000011500000000000000000000000000000000000000000000000000000000000000000000000000011500000000000000000000000000                          B30000000020170313                                                          000021
1            A38RA7000002                      172021230                                                    281303170000002123                    3103170000000060795         K000000000011500000000000000000000000000000000000000000000000000000000000000000000000000011500000000000000000000000000                          B30000000020170313                                                          000022
1            A38RA2000002                      172024310                                                    281303170000002431                    3103170000000060795         K000000000011500000000000000000000000000000000000000000000000000000000000000000000000000011500000000000000000000000000                          B30000000020170313                                                          000023
1            A39KEY000002                      172306685                                                    281303170000030668                    3103170000000104583         K000000000011500000000000000000000000000000000000000000000000000000000000000000000000000011500000000000000000000000000                          B30000000020170313                                                          000024
1            A39KEY000002                      172306987                                                    281303170000030698                    3103170000000104583         K000000000011500000000000000000000000000000000000000000000000000000000000000000000000000011500000000000000000000000000                          B30000000020170313                                                          000025
1            A39KDN000002                      172307177                                                    281303170000030717                    3103170000000059107         K000000000011500000000000000000000000000000000000000000000000000000000000000000000000000011500000000000000000000000000                          B30000000020170313                                                          000026
1            A39KEQ000002                      172315595                                                    281303170000031559                    3103170000000081845         K000000000011500000000000000000000000000000000000000000000000000000000000000000000000000011500000000000000000000000000                          B30000000020170313                                                          000027
1            C0000000000                       172036416                                                    06130317          090312                    0000000054925                                                              00000000000000000000000000000000005492500000000000000000000000000                          00        20170314                                                          000028
1            C0000000000                       172036416                                                    28130317          090312                    0000000000115                                                              00000000000000000000000000000000005492500000000000000000000000000                          B3        20170313                                                          000029
9274826431                                                                                                                                                                                                                                                                                                                                                                                                000030
