02RETORNO01COBRANCA       2643103361110000177                               748BANSICREDI     20170505        0000154                                                                                                                                                                                                                                                                                 1.00000001
1            A39K4Z000002                      172042688                                                    060405170000004268090302              3105170000000021500         K000000000000000000000000000000000000000000000000000000000000000000000000000000000000002150000000000000000000000000000                          000000000020170505                                                          000002
1            A39K19000002                      172007165                                                    060405170000000716COMPE               3004170000000015000         K000000000000000000000000000000000000000000000000000000000000000000000000000000000000001501500000000000000000000000000                          H50000000020170505                                                          000003
1            A39K1C000002                      172007610                                                    060405170000000761COMPE               3105170000000063848         K000000000000000000000000000000000000000000000000000000000000000000000000000000000000006140000000000000000000000000000                          H50000000020170505                                                          000004
1            A39K1R000002                      172009486                                                    060405170000000948COMPE               3105170000000054689         K000000000000000000000000000000000000000000000000000000000000000000000000000000000000005270000000000000000000000000000                          H50000000020170505                                                          000005
1            A39K32000002                      172015869                                                    060405170000001586COMPE               3105170000000066901         K000000000000000000000000000000000000000000000000000000000000000000000000000000000000006430000000000000000000000000000                          H50000000020170505                                                          000006
1            A38R9P000002                      172018280                                                    060405170000001828COMPE               3105170000000054689         K000000000000000000000000000000000000000000000000000000000000000000000000000000000000005270000000000000000000000000000                          H50000000020170505                                                          000007
1            A38RSO000002                      172020153                                                    060405170000002015COMPE               3105170000000015000         K000000000000000000000000000000000000000000000000000000000000000000000000000000000000001500000000000000000000000000000                          H50000000020170505                                                          000008
1            A39K4M000002                      172029940                                                    060405170000002994COMPE               3105170000000078323         K000000000000000000000000000000000000000000000000000000000000000000000000000000000000007547500000000000000000000000000                          H50000000020170505                                                          000009
1            A39K4Z000002                      172042688                                                    280405170000004268                    3105170000000021500         K000000000011500000000000000000000000000000000000000000000000000000000000000000000000000011500000000000000000000000000                          B30000000020170504                                                          000010
1            A39K19000002                      172007165                                                    280405170000000716                    3004170000000015000         K000000000011500000000000000000000000000000000000000000000000000000000000000000000000000011500000000000000000000000000                          B30000000020170504                                                          000011
1            A39K1C000002                      172007610                                                    280405170000000761                    3105170000000063848         K000000000011500000000000000000000000000000000000000000000000000000000000000000000000000011500000000000000000000000000                          B30000000020170504                                                          000012
1            A39K1R000002                      172009486                                                    280405170000000948                    3105170000000054689         K000000000011500000000000000000000000000000000000000000000000000000000000000000000000000011500000000000000000000000000                          B30000000020170504                                                          000013
1            A39K32000002                      172015869                                                    280405170000001586                    3105170000000066901         K000000000011500000000000000000000000000000000000000000000000000000000000000000000000000011500000000000000000000000000                          B30000000020170504                                                          000014
1            A38R9P000002                      172018280                                                    280405170000001828                    3105170000000054689         K000000000011500000000000000000000000000000000000000000000000000000000000000000000000000011500000000000000000000000000                          B30000000020170504                                                          000015
1            A38RSO000002                      172020153                                                    280405170000002015                    3105170000000015000         K000000000011500000000000000000000000000000000000000000000000000000000000000000000000000011500000000000000000000000000                          B30000000020170504                                                          000016
1            A39K4M000002                      172029940                                                    280405170000002994                    3105170000000078323         K000000000011500000000000000000000000000000000000000000000000000000000000000000000000000011500000000000000000000000000                          B30000000020170504                                                          000017
1            C0000000000                       172018949                                                    06040517          COMPE                     0000000066901                                                              00000000000000000000000000000000006430000000000000000000000000000                          H5        20170505                                                          000018
1            C0000000000                       172018949                                                    28040517          COMPE                     0000000000115                                                              00000000000000000000000000000000006430000000000000000000000000000                          B3        20170504                                                          000019
9274826431                                                                                                                                                                                                                                                                                                                                                                                                000020
