02RETORNO01COBRANCA       2643103361110000177                               748BANSICREDI     20170313        0000119                                                                                                                                                                                                                                                                                 1.00000001
1            A39KET000002                      172309897                                                    061003170000030989090312              3103170000000104583         K000000000000000000000000000000000000000000000000000000000000000000000000003983000000010060000000000000000000000000000                          000000000020170313                                                          000002
1            A39K14000002                      172006380                                                    061003170000000638090302              3103170000000057742         K000000000000000000000000000000000000000000000000000000000000000000000000002142000000005560000000000000000000000000000                          000000000020170313                                                          000003
1            A38RDF000002                      172030140                                                    061003170000003014090303              3103170000000071638         K000000000000000000000000000000000000000000000000000000000000000000000000002513000000006912500000000000000000000000000                          000000000020170313                                                          000004
1            A39K4P000002                      172031350                                                    061003170000003135090312              3103170000000068295         K000000000000000000000000000000000000000000000000000000000000000000000000002345000000006595000000000000000000000000000                          000000000020170313                                                          000005
1            A38RAM000002                      172022881                                                    061003170000002288090316              3103170000000076060         K000000000000000000000000000000000000000000000000000000000000030600000000000000000000007300000000000000000000000000000                          000000000020170313                                                          000006
1            A38RDJ000002                      172311360                                                    061003170000031136090302              3103170000000054925         K000000000000000000000000000000000000000000000000000000000000000000000000001675000000005325000000000000000000000000000                          000000000020170313                                                          000007
1            A39KE6000002                      172305581                                                    061003170000030558090312              3103170000000110268         K000000000000000000000000000000000000000000000000000000000000000000000000004268000000010600000000000000000000000000000                          000000000020170313                                                          000008
1            A39JZW000002                      172000772                                                    061003170000000077COMPE               3103170000000057742         K000000000000000000000000000000000000000000000000000000000000000000000000000000000000005560000000000000000000000000000                          H50000000020170313                                                          000009
1            A39K07000002                      172002317                                                    061003170000000231COMPE               3103170000000057742         K000000000000000000000000000000000000000000000000000000000000000000000000000000000000005560000000000000000000000000000                          H50000000020170313                                                          000010
1            A38RBJ000002                      172003089                                                    061003170000000308COMPE               3103170000000057742         K000000000000000000000000000000000000000000000000000000000000000000000000000000000000005560000000000000000000000000000                          H50000000020170313                                                          000011
1            A39K0I000002                      172003747                                                    061003170000000374COMPE               3103170000000060795         K000000000000000000000000000000000000000000000000000000000000000000000000000000000000005850000000000000000000000000000                          H50000000020170313                                                          000012
1            A39K0M000002                      172004298                                                    061003170000000429COMPE               3103170000000060795         K000000000000000000000000000000000000000000000000000000000000000000000000000000000000005850000000000000000000000000000                          H50000000020170313                                                          000013
1            A39K0Y000002                      172005723                                                    061003170000000572COMPE               3103170000000063848         K000000000000000000000000000000000000000000000000000000000000000000000000000000000000006140000000000000000000000000000                          H50000000020170313                                                          000014
1            A39K13000002                      172006274                                                    061003170000000627COMPE               3103170000000045530         K000000000000000000000000000000000000000000000000000000000000000000000000000000000000004400000000000000000000000000000                          H50000000020170313                                                          000015
1            A39K15000002                      172006495                                                    061003170000000649COMPE               3103170000000063848         K000000000000000000000000000000000000000000000000000000000000000000000000000000000000006140000000000000000000000000000                          H50000000020170313                                                          000016
1            A39K1C000002                      172007599                                                    061003170000000759COMPE               3103170000000063848         K000000000000000000000000000000000000000000000000000000000000000000000000000000000000006140000000000000000000000000000                          H50000000020170313                                                          000017
1            A39K1G000002                      172008145                                                    061003170000000814COMPE               3103170000000076060         K000000000000000000000000000000000000000000000000000000000000000000000000000000000000007300000000000000000000000000000                          H50000000020170313                                                          000018
1            A39K1J000002                      172008471                                                    061003170000000847COMPE               3103170000000063848         K000000000000000000000000000000000000000000000000000000000000000000000000000000000000006140000000000000000000000000000                          H50000000020170313                                                          000019
1            A39K1Q000002                      172009354                                                    061003170000000935COMPE               3103170000000076060         K000000000000000000000000000000000000000000000000000000000000000000000000000000000000007300000000000000000000000000000                          H50000000020170313                                                          000020
1            A39K1W000002                      172010123                                                    061003170000001012COMPE               3103170000000057742         K000000000000000000000000000000000000000000000000000000000000000000000000000000000000005560000000000000000000000000000                          H50000000020170313                                                          000021
1            A39K1Z000002                      172010565                                                    061003170000001056COMPE               3103170000000060795         K000000000000000000000000000000000000000000000000000000000000000000000000000000000000005850000000000000000000000000000                          H50000000020170313                                                          000022
1            A39K25000002                      172011669                                                    061003170000001166COMPE               3103170000000045530         K000000000000000000000000000000000000000000000000000000000000000000000000000000000000004400000000000000000000000000000                          H50000000020170313                                                          000023
1            A39K26000002                      172011774                                                    061003170000001177COMPE               3103170000000045530         K000000000000000000000000000000000000000000000000000000000000000000000000000000000000004400000000000000000000000000000                          H50000000020170313                                                          000024
1            A39K27000002                      172011880                                                    061003170000001188COMPE               3103170000000063848         K000000000000000000000000000000000000000000000000000000000000000000000000000000000000006140000000000000000000000000000                          H50000000020170313                                                          000025
1            A39K2A000002                      172012215                                                    061003170000001221COMPE               3103170000000045530         K000000000000000000000000000000000000000000000000000000000000000000000000000000000000004400000000000000000000000000000                          H50000000020170313                                                          000026
1            A39K2C000002                      172012436                                                    061003170000001243COMPE               3103170000000030265         K000000000000000000000000000000000000000000000000000000000000000000000000000000000000002950000000000000000000000000000                          H50000000020170313                                                          000027
1            A39K2D000002                      172012541                                                    061003170000001254COMPE               3103170000000030265         K000000000000000000000000000000000000000000000000000000000000000000000000000000000000002950000000000000000000000000000                          H50000000020170313                                                          000028
1            A39K2I000002                      172013092                                                    061003170000001309COMPE               3103170000000063848         K000000000000000000000000000000000000000000000000000000000000000000000000000000000000006140000000000000000000000000000                          H50000000020170313                                                          000029
1            A39K2J000002                      172013203                                                    061003170000001320COMPE               3103170000000057742         K000000000000000000000000000000000000000000000000000000000000000000000000000000000000005560000000000000000000000000000                          H50000000020170313                                                          000030
1            A39K38000002                      172016610                                                    061003170000001661COMPE               3103170000000063848         K000000000000000000000000000000000000000000000000000000000000000000000000000000000000006140000000000000000000000000000                          H50000000020170313                                                          000031
1            A39K39000002                      172016725                                                    061003170000001672COMPE               3103170000000045530         K000000000000000000000000000000000000000000000000000000000000000000000000000000000000004400000000000000000000000000000                          H50000000020170313                                                          000032
1            A39K3D000002                      172017160                                                    061003170000001716COMPE               3103170000000063848         K000000000000000000000000000000000000000000000000000000000000000000000000000000000000006140000000000000000000000000000                          H50000000020170313                                                          000033
1            A38R9O000002                      172018159                                                    061003170000001815COMPE               3103170000000054689         K000000000000000000000000000000000000000000000000000000000000000000000000000000000000005270000000000000000000000000000                          H50000000020170313                                                          000034
1            A38R9Q000002                      172019031                                                    061003170000001903COMPE               3103170000000060795         K000000000000000000000000000000000000000000000000000000000000000000000000000000000000005850000000000000000000000000000                          H50000000020170313                                                          000035
1            A39K3P000001                      172020021                                                    061003170000002002COMPE               3103170000000076060         K000000000000000000000000000000000000000000000000000000000000000000000000000000000000007300000000000000000000000000000                          H50000000020170313                                                          000036
1            A39K3Q000002                      172020242                                                    061003170000002024COMPE               3103170000000051636         K000000000000000000000000000000000000000000000000000000000000000000000000000000000000004980000000000000000000000000000                          H50000000020170313                                                          000037
1            A39K26000002                      172020900                                                    061003170000002090COMPE               3103170000000015000         K000000000000000000000000000000000000000000000000000000000000000000000000000000000000001500000000000000000000000000000                          H50000000020170313                                                          000038
1            A38RBB000002                      172023101                                                    061003170000002310COMPE               3103170000000045530         K000000000000000000000000000000000000000000000000000000000000000000000000000000000000004400000000000000000000000000000                          H50000000020170313                                                          000039
1            A38RB0000002                      172025635                                                    061003170000002563COMPE               3103170000000060795         K000000000000000000000000000000000000000000000000000000000000000000000000000000000000005850000000000000000000000000000                          H50000000020170313                                                          000040
1            A39K4C000002                      172026739                                                    061003170000002673COMPE               3103170000000039424         K000000000000000000000000000000000000000000000000000000000000000000000000000000000000003820000000000000000000000000000                          H50000000020170313                                                          000041
1            A39K4E000002                      172027280                                                    061003170000002728COMPE               3103170000000057742         K000000000000000000000000000000000000000000000000000000000000000000000000000000000000005560000000000000000000000000000                          H50000000020170313                                                          000042
1            A38RMC000002                      172027611                                                    061003170000002761COMPE               3103170000000045530         K000000000000000000000000000000000000000000000000000000000000000000000000000000000000004400000000000000000000000000000                          H50000000020170313                                                          000043
1            A38RBG000002                      172027948                                                    061003170000002794COMPE               3103170000000045530         K000000000000000000000000000000000000000000000000000000000000000000000000000000000000004400000000000000000000000000000                          H50000000020170313                                                          000044
1            A38RBH000002                      172028057                                                    061003170000002805COMPE               3103170000000066901         K000000000000000000000000000000000000000000000000000000000000000000000000000000000000006430000000000000000000000000000                          H50000000020170313                                                          000045
1            A38RA4000002                      172028162                                                    061003170000002816COMPE               3103170000000063848         K000000000000000000000000000000000000000000000000000000000000000000000000000000000000006140000000000000000000000000000                          H50000000020170313                                                          000046
1            A38RBJ000002                      172028600                                                    061003170000002860COMPE               3103170000000054925         K000000000000000000000000000000000000000000000000000000000000000000000000000000000000005325000000000000000000000000000                          H50000000020170313                                                          000047
1            A39K4I000002                      172028936                                                    061003170000002893COMPE               3103170000000068295         K000000000000000000000000000000000000000000000000000000000000000000000000000000000000006829500000000000000000000000000                          H50000000020170313                                                          000048
1            A38RCS000002                      172029266                                                    061003170000002926COMPE               3103170000000071638         K000000000000000000000000000000000000000000000000000000000000000000000000000000000000006912500000000000000000000000000                          H50000000020170313                                                          000049
1            A39K4L000002                      172029371                                                    061003170000002937COMPE               3103170000000058268         K000000000000000000000000000000000000000000000000000000000000000000000000000000000000005642500000000000000000000000000                          H50000000020170313                                                          000050
1            A38RBN000001                      172030256                                                    061003170000003025COMPE               3103170000000078323         K000000000000000000000000000000000000000000000000000000000000000000000000000000000000007547500000000000000000000000000                          H50000000020170313                                                          000051
1            A38RCB000002                      172030582                                                    061003170000003058COMPE               3103170000000054925         K000000000000000000000000000000000000000000000000000000000000000000000000000000000000005325000000000000000000000000000                          H50000000020170313                                                          000052
1            A39K4O000002                      172031023                                                    061003170000003102COMPE               3103170000000041555         K000000000000000000000000000000000000000000000000000000000000000000000000000000000000004055000000000000000000000000000                          H50000000020170313                                                          000053
1            A38RBS000001                      172031465                                                    061003170000003146COMPE               3103170000000061610         K000000000000000000000000000000000000000000000000000000000000000000000000000000000000005960000000000000000000000000000                          H50000000020170313                                                          000054
1            A38RBW000002                      172033000                                                    061003170000003300COMPE               3103170000000088350         K000000000000000000000000000000000000000000000000000000000000000000000000000000000000008500000000000000000000000000000                          H50000000020170313                                                          000055
1            A38RC0000002                      172033441                                                    061003170000003344COMPE               3103170000000074980         K000000000000000000000000000000000000000000000000000000000000000000000000000000000000007230000000000000000000000000000                          H50000000020170313                                                          000056
1            A38RCN000002                      172033999                                                    061003170000003399COMPE               3103170000000088350         K000000000000000000000000000000000000000000000000000000000000000000000000000000000000008500000000000000000000000000000                          H50000000020170313                                                          000057
1            A38RD7000002                      172034324                                                    061003170000003432COMPE               3103170000000068295         K000000000000000000000000000000000000000000000000000000000000000000000000000000000000006595000000000000000000000000000                          H50000000020170313                                                          000058
1            A38RC5000002                      172035428                                                    061003170000003542COMPE               3103170000000061610         K000000000000000000000000000000000000000000000000000000000000000000000000000000000000005960000000000000000000000000000                          H50000000020170313                                                          000059
1            A38RDL000002                      172036190                                                    061003170000003619COMPE               3103170000000074980         K000000000000000000000000000000000000000000000000000000000000000000000000000000000000007230000000000000000000000000000                          H50000000020170313                                                          000060
1            A39K58000002                      172036742                                                    061003170000003674COMPE               3103170000000074980         K000000000000000000000000000000000000000000000000000000000000000000000000000000000000007230000000000000000000000000000                          H50000000020170313                                                          000061
1            A39K5C000002                      172037510                                                    061003170000003751COMPE               3103170000000068295         K000000000000000000000000000000000000000000000000000000000000000000000000000000000000006595000000000000000000000000000                          H50000000020170313                                                          000062
1            A38RRS000002                      172037846                                                    061003170000003784COMPE               3103170000000068295         K000000000000000000000000000000000000000000000000000000000000000000000000000000000000006595000000000000000000000000000                          H50000000020170313                                                          000063
1            A39K02000002                      172040375                                                    061003170000004037COMPE               3103170000000063848         K000000000000000000000000000000000000000000000000000000000000000000000000000000000000006140000000000000000000000000000                          H50000000020170313                                                          000064
1            A39K0C000002                      172040480                                                    061003170000004048COMPE               3103170000000048848         K000000000000000000000000000000000000000000000000000000000000000000000000000000000000004640000000000000000000000000000                          H50000000020170313                                                          000065
1            A39L24000002                      172041690                                                    061003170000004169COMPE               3103170000000033318         K000000000000000000000000000000000000000000000000000000000000000000000000000000000000003240000000000000000000000000000                          H50000000020170313                                                          000066
1            A39JZV000002                      172041916                                                    061003170000004191COMPE               3103170000000045530         K000000000000000000000000000000000000000000000000000000000000000000000000000000000000004400000000000000000000000000000                          H50000000020170313                                                          000067
1            A39KEP000002                      172302485                                                    061003170000030248COMPE               3103170000000098899         K000000000000000000000000000000000000000000000000000000000000000000000000000000000000009520000000000000000000000000000                          H50000000020170313                                                          000068
1            A39KF3000001                      172302671                                                    061003170000030267COMPE               3103170000000104583         K000000000000000000000000000000000000000000000000000000000000000000000000000000000000010060000000000000000000000000000                          H50000000020170313                                                          000069
1            A39KE8000002                      172303686                                                    061003170000030368COMPE               3103170000000109131         K000000000000000000000000000000000000000000000000000000000000000000000000000000000000010492000000000000000000000000000                          H50000000020170313                                                          000070
1            A39K5C000002                      172303783                                                    061003170000030378COMPE               3103170000000127321         K000000000000000000000000000000000000000000000000000000000000000000000000000000000000012220000000000000000000000000000                          H50000000020170313                                                          000071
1            A39KES000002                      172305085                                                    061003170000030508COMPE               3103170000000110268         K000000000000000000000000000000000000000000000000000000000000000000000000000000000000010600000000000000000000000000000                          H50000000020170313                                                          000072
1            A39KE9000002                      172306081                                                    061003170000030608COMPE               3103170000000115952         K000000000000000000000000000000000000000000000000000000000000000000000000000000000000011140000000000000000000000000000                          H50000000020170313                                                          000073
1            A39KEN000002                      172306480                                                    061003170000030648COMPE               3103170000000081845         K000000000000000000000000000000000000000000000000000000000000000000000000000000000000007900000000000000000000000000000                          H50000000020170313                                                          000074
1            A38RO6000002                      172307681                                                    061003170000030768COMPE               3103170000000115952         K000000000000000000000000000000000000000000000000000000000000000000000000000000000000011140000000000000000000000000000                          H50000000020170313                                                          000075
1            A39KEL000002                      172307789                                                    061003170000030778COMPE               3103170000000025000         K000000000000000000000000000000000000000000000000000000000000000000000000000000000000002500000000000000000000000000000                          H50000000020170313                                                          000076
1            A38RN8000002                      172309170                                                    061003170000030917COMPE               3103170000000093214         K000000000000000000000000000000000000000000000000000000000000000000000000000000000000008980000000000000000000000000000                          H50000000020170313                                                          000077
1            A39KR8000002                      172314491                                                    061003170000031449COMPE               3103170000000127321         K000000000000000000000000000000000000000000000000000000000000000000000000000000000000012220000000000000000000000000000                          H50000000020170313                                                          000078
1            A39KR9000002                      172314599                                                    061003170000031459COMPE               3103170000000121637         K000000000000000000000000000000000000000000000000000000000000000000000000000000000000011680000000000000000000000000000                          H50000000020170313                                                          000079
1            A39KET000002                      172309897                                                    281003170000030989                    3103170000000104583         K000000000011500000000000000000000000000000000000000000000000000000000000000000000000000011500000000000000000000000000                          B30000000020170310                                                          000080
1            A39K14000002                      172006380                                                    281003170000000638                    3103170000000057742         K000000000011500000000000000000000000000000000000000000000000000000000000000000000000000011500000000000000000000000000                          B30000000020170310                                                          000081
1            A38RDF000002                      172030140                                                    281003170000003014                    3103170000000071638         K000000000011500000000000000000000000000000000000000000000000000000000000000000000000000011500000000000000000000000000                          B30000000020170310                                                          000082
1            A39K4P000002                      172031350                                                    281003170000003135                    3103170000000068295         K000000000011500000000000000000000000000000000000000000000000000000000000000000000000000011500000000000000000000000000                          B30000000020170310                                                          000083
1            A38RAM000002                      172022881                                                    281003170000002288                    3103170000000076060         K000000000011500000000000000000000000000000000000000000000000000000000000000000000000000011500000000000000000000000000                          B30000000020170310                                                          000084
1            A38RDJ000002                      172311360                                                    281003170000031136                    3103170000000054925         K000000000011500000000000000000000000000000000000000000000000000000000000000000000000000011500000000000000000000000000                          B30000000020170310                                                          000085
1            A39KE6000002                      172305581                                                    281003170000030558                    3103170000000110268         K000000000011500000000000000000000000000000000000000000000000000000000000000000000000000011500000000000000000000000000                          B30000000020170310                                                          000086
1            A39JZW000002                      172000772                                                    281003170000000077                    3103170000000057742         K000000000011500000000000000000000000000000000000000000000000000000000000000000000000000011500000000000000000000000000                          B30000000020170310                                                          000087
1            A39K07000002                      172002317                                                    281003170000000231                    3103170000000057742         K000000000011500000000000000000000000000000000000000000000000000000000000000000000000000011500000000000000000000000000                          B30000000020170310                                                          000088
1            A38RBJ000002                      172003089                                                    281003170000000308                    3103170000000057742         K000000000011500000000000000000000000000000000000000000000000000000000000000000000000000011500000000000000000000000000                          B30000000020170310                                                          000089
1            A39K0I000002                      172003747                                                    281003170000000374                    3103170000000060795         K000000000011500000000000000000000000000000000000000000000000000000000000000000000000000011500000000000000000000000000                          B30000000020170310                                                          000090
1            A39K0M000002                      172004298                                                    281003170000000429                    3103170000000060795         K000000000011500000000000000000000000000000000000000000000000000000000000000000000000000011500000000000000000000000000                          B30000000020170310                                                          000091
1            A39K0Y000002                      172005723                                                    281003170000000572                    3103170000000063848         K000000000011500000000000000000000000000000000000000000000000000000000000000000000000000011500000000000000000000000000                          B30000000020170310                                                          000092
1            A39K13000002                      172006274                                                    281003170000000627                    3103170000000045530         K000000000011500000000000000000000000000000000000000000000000000000000000000000000000000011500000000000000000000000000                          B30000000020170310                                                          000093
1            A39K15000002                      172006495                                                    281003170000000649                    3103170000000063848         K000000000011500000000000000000000000000000000000000000000000000000000000000000000000000011500000000000000000000000000                          B30000000020170310                                                          000094
1            A39K1C000002                      172007599                                                    281003170000000759                    3103170000000063848         K000000000011500000000000000000000000000000000000000000000000000000000000000000000000000011500000000000000000000000000                          B30000000020170310                                                          000095
1            A39K1G000002                      172008145                                                    281003170000000814                    3103170000000076060         K000000000011500000000000000000000000000000000000000000000000000000000000000000000000000011500000000000000000000000000                          B30000000020170310                                                          000096
1            A39K1J000002                      172008471                                                    281003170000000847                    3103170000000063848         K000000000011500000000000000000000000000000000000000000000000000000000000000000000000000011500000000000000000000000000                          B30000000020170310                                                          000097
1            A39K1Q000002                      172009354                                                    281003170000000935                    3103170000000076060         K000000000011500000000000000000000000000000000000000000000000000000000000000000000000000011500000000000000000000000000                          B30000000020170310                                                          000098
1            A39K1W000002                      172010123                                                    281003170000001012                    3103170000000057742         K000000000011500000000000000000000000000000000000000000000000000000000000000000000000000011500000000000000000000000000                          B30000000020170310                                                          000099
1            A39K1Z000002                      172010565                                                    281003170000001056                    3103170000000060795         K000000000011500000000000000000000000000000000000000000000000000000000000000000000000000011500000000000000000000000000                          B30000000020170310                                                          000100
1            A39K25000002                      172011669                                                    281003170000001166                    3103170000000045530         K000000000011500000000000000000000000000000000000000000000000000000000000000000000000000011500000000000000000000000000                          B30000000020170310                                                          000101
1            A39K26000002                      172011774                                                    281003170000001177                    3103170000000045530         K000000000011500000000000000000000000000000000000000000000000000000000000000000000000000011500000000000000000000000000                          B30000000020170310                                                          000102
1            A39K27000002                      172011880                                                    281003170000001188                    3103170000000063848         K000000000011500000000000000000000000000000000000000000000000000000000000000000000000000011500000000000000000000000000                          B30000000020170310                                                          000103
1            A39K2A000002                      172012215                                                    281003170000001221                    3103170000000045530         K000000000011500000000000000000000000000000000000000000000000000000000000000000000000000011500000000000000000000000000                          B30000000020170310                                                          000104
1            A39K2C000002                      172012436                                                    281003170000001243                    3103170000000030265         K000000000011500000000000000000000000000000000000000000000000000000000000000000000000000011500000000000000000000000000                          B30000000020170310                                                          000105
1            A39K2D000002                      172012541                                                    281003170000001254                    3103170000000030265         K000000000011500000000000000000000000000000000000000000000000000000000000000000000000000011500000000000000000000000000                          B30000000020170310                                                          000106
1            A39K2I000002                      172013092                                                    281003170000001309                    3103170000000063848         K000000000011500000000000000000000000000000000000000000000000000000000000000000000000000011500000000000000000000000000                          B30000000020170310                                                          000107
1            A39K2J000002                      172013203                                                    281003170000001320                    3103170000000057742         K000000000011500000000000000000000000000000000000000000000000000000000000000000000000000011500000000000000000000000000                          B30000000020170310                                                          000108
1            A39K38000002                      172016610                                                    281003170000001661                    3103170000000063848         K000000000011500000000000000000000000000000000000000000000000000000000000000000000000000011500000000000000000000000000                          B30000000020170310                                                          000109
1            A39K39000002                      172016725                                                    281003170000001672                    3103170000000045530         K000000000011500000000000000000000000000000000000000000000000000000000000000000000000000011500000000000000000000000000                          B30000000020170310                                                          000110
1            A39K3D000002                      172017160                                                    281003170000001716                    3103170000000063848         K000000000011500000000000000000000000000000000000000000000000000000000000000000000000000011500000000000000000000000000                          B30000000020170310                                                          000111
1            A38R9O000002                      172018159                                                    281003170000001815                    3103170000000054689         K000000000011500000000000000000000000000000000000000000000000000000000000000000000000000011500000000000000000000000000                          B30000000020170310                                                          000112
1            A38R9Q000002                      172019031                                                    281003170000001903                    3103170000000060795         K000000000011500000000000000000000000000000000000000000000000000000000000000000000000000011500000000000000000000000000                          B30000000020170310                                                          000113
1            A39K3P000001                      172020021                                                    281003170000002002                    3103170000000076060         K000000000011500000000000000000000000000000000000000000000000000000000000000000000000000011500000000000000000000000000                          B30000000020170310                                                          000114
1            A39K3Q000002                      172020242                                                    281003170000002024                    3103170000000051636         K000000000011500000000000000000000000000000000000000000000000000000000000000000000000000011500000000000000000000000000                          B30000000020170310                                                          000115
1            A39K26000002                      172020900                                                    281003170000002090                    3103170000000015000         K000000000011500000000000000000000000000000000000000000000000000000000000000000000000000011500000000000000000000000000                          B30000000020170310                                                          000116
1            A38RBB000002                      172023101                                                    281003170000002310                    3103170000000045530         K000000000011500000000000000000000000000000000000000000000000000000000000000000000000000011500000000000000000000000000                          B30000000020170310                                                          000117
1            A38RB0000002                      172025635                                                    281003170000002563                    3103170000000060795         K000000000011500000000000000000000000000000000000000000000000000000000000000000000000000011500000000000000000000000000                          B30000000020170310                                                          000118
1            A39K4C000002                      172026739                                                    281003170000002673                    3103170000000039424         K000000000011500000000000000000000000000000000000000000000000000000000000000000000000000011500000000000000000000000000                          B30000000020170310                                                          000119
1            A39K4E000002                      172027280                                                    281003170000002728                    3103170000000057742         K000000000011500000000000000000000000000000000000000000000000000000000000000000000000000011500000000000000000000000000                          B30000000020170310                                                          000120
1            A38RMC000002                      172027611                                                    281003170000002761                    3103170000000045530         K000000000011500000000000000000000000000000000000000000000000000000000000000000000000000011500000000000000000000000000                          B30000000020170310                                                          000121
1            A38RBG000002                      172027948                                                    281003170000002794                    3103170000000045530         K000000000011500000000000000000000000000000000000000000000000000000000000000000000000000011500000000000000000000000000                          B30000000020170310                                                          000122
1            A38RBH000002                      172028057                                                    281003170000002805                    3103170000000066901         K000000000011500000000000000000000000000000000000000000000000000000000000000000000000000011500000000000000000000000000                          B30000000020170310                                                          000123
1            A38RA4000002                      172028162                                                    281003170000002816                    3103170000000063848         K000000000011500000000000000000000000000000000000000000000000000000000000000000000000000011500000000000000000000000000                          B30000000020170310                                                          000124
1            A38RBJ000002                      172028600                                                    281003170000002860                    3103170000000054925         K000000000011500000000000000000000000000000000000000000000000000000000000000000000000000011500000000000000000000000000                          B30000000020170310                                                          000125
1            A39K4I000002                      172028936                                                    281003170000002893                    3103170000000068295         K000000000011500000000000000000000000000000000000000000000000000000000000000000000000000011500000000000000000000000000                          B30000000020170310                                                          000126
1            A38RCS000002                      172029266                                                    281003170000002926                    3103170000000071638         K000000000011500000000000000000000000000000000000000000000000000000000000000000000000000011500000000000000000000000000                          B30000000020170310                                                          000127
1            A39K4L000002                      172029371                                                    281003170000002937                    3103170000000058268         K000000000011500000000000000000000000000000000000000000000000000000000000000000000000000011500000000000000000000000000                          B30000000020170310                                                          000128
1            A38RBN000001                      172030256                                                    281003170000003025                    3103170000000078323         K000000000011500000000000000000000000000000000000000000000000000000000000000000000000000011500000000000000000000000000                          B30000000020170310                                                          000129
1            A38RCB000002                      172030582                                                    281003170000003058                    3103170000000054925         K000000000011500000000000000000000000000000000000000000000000000000000000000000000000000011500000000000000000000000000                          B30000000020170310                                                          000130
1            A39K4O000002                      172031023                                                    281003170000003102                    3103170000000041555         K000000000011500000000000000000000000000000000000000000000000000000000000000000000000000011500000000000000000000000000                          B30000000020170310                                                          000131
1            A38RBS000001                      172031465                                                    281003170000003146                    3103170000000061610         K000000000011500000000000000000000000000000000000000000000000000000000000000000000000000011500000000000000000000000000                          B30000000020170310                                                          000132
1            A38RBW000002                      172033000                                                    281003170000003300                    3103170000000088350         K000000000011500000000000000000000000000000000000000000000000000000000000000000000000000011500000000000000000000000000                          B30000000020170310                                                          000133
1            A38RC0000002                      172033441                                                    281003170000003344                    3103170000000074980         K000000000011500000000000000000000000000000000000000000000000000000000000000000000000000011500000000000000000000000000                          B30000000020170310                                                          000134
1            A38RCN000002                      172033999                                                    281003170000003399                    3103170000000088350         K000000000011500000000000000000000000000000000000000000000000000000000000000000000000000011500000000000000000000000000                          B30000000020170310                                                          000135
1            A38RD7000002                      172034324                                                    281003170000003432                    3103170000000068295         K000000000011500000000000000000000000000000000000000000000000000000000000000000000000000011500000000000000000000000000                          B30000000020170310                                                          000136
1            A38RC5000002                      172035428                                                    281003170000003542                    3103170000000061610         K000000000011500000000000000000000000000000000000000000000000000000000000000000000000000011500000000000000000000000000                          B30000000020170310                                                          000137
1            A38RDL000002                      172036190                                                    281003170000003619                    3103170000000074980         K000000000011500000000000000000000000000000000000000000000000000000000000000000000000000011500000000000000000000000000                          B30000000020170310                                                          000138
1            A39K58000002                      172036742                                                    281003170000003674                    3103170000000074980         K000000000011500000000000000000000000000000000000000000000000000000000000000000000000000011500000000000000000000000000                          B30000000020170310                                                          000139
1            A39K5C000002                      172037510                                                    281003170000003751                    3103170000000068295         K000000000011500000000000000000000000000000000000000000000000000000000000000000000000000011500000000000000000000000000                          B30000000020170310                                                          000140
1            A38RRS000002                      172037846                                                    281003170000003784                    3103170000000068295         K000000000011500000000000000000000000000000000000000000000000000000000000000000000000000011500000000000000000000000000                          B30000000020170310                                                          000141
1            A39K02000002                      172040375                                                    281003170000004037                    3103170000000063848         K000000000011500000000000000000000000000000000000000000000000000000000000000000000000000011500000000000000000000000000                          B30000000020170310                                                          000142
1            A39K0C000002                      172040480                                                    281003170000004048                    3103170000000048848         K000000000011500000000000000000000000000000000000000000000000000000000000000000000000000011500000000000000000000000000                          B30000000020170310                                                          000143
1            A39L24000002                      172041690                                                    281003170000004169                    3103170000000033318         K000000000011500000000000000000000000000000000000000000000000000000000000000000000000000011500000000000000000000000000                          B30000000020170310                                                          000144
1            A39JZV000002                      172041916                                                    281003170000004191                    3103170000000045530         K000000000011500000000000000000000000000000000000000000000000000000000000000000000000000011500000000000000000000000000                          B30000000020170310                                                          000145
1            A39KEP000002                      172302485                                                    281003170000030248                    3103170000000098899         K000000000011500000000000000000000000000000000000000000000000000000000000000000000000000011500000000000000000000000000                          B30000000020170310                                                          000146
1            A39KF3000001                      172302671                                                    281003170000030267                    3103170000000104583         K000000000011500000000000000000000000000000000000000000000000000000000000000000000000000011500000000000000000000000000                          B30000000020170310                                                          000147
1            A39KE8000002                      172303686                                                    281003170000030368                    3103170000000109131         K000000000011500000000000000000000000000000000000000000000000000000000000000000000000000011500000000000000000000000000                          B30000000020170310                                                          000148
1            A39K5C000002                      172303783                                                    281003170000030378                    3103170000000127321         K000000000011500000000000000000000000000000000000000000000000000000000000000000000000000011500000000000000000000000000                          B30000000020170310                                                          000149
1            A39KES000002                      172305085                                                    281003170000030508                    3103170000000110268         K000000000011500000000000000000000000000000000000000000000000000000000000000000000000000011500000000000000000000000000                          B30000000020170310                                                          000150
1            A39KE9000002                      172306081                                                    281003170000030608                    3103170000000115952         K000000000011500000000000000000000000000000000000000000000000000000000000000000000000000011500000000000000000000000000                          B30000000020170310                                                          000151
1            A39KEN000002                      172306480                                                    281003170000030648                    3103170000000081845         K000000000011500000000000000000000000000000000000000000000000000000000000000000000000000011500000000000000000000000000                          B30000000020170310                                                          000152
1            A38RO6000002                      172307681                                                    281003170000030768                    3103170000000115952         K000000000011500000000000000000000000000000000000000000000000000000000000000000000000000011500000000000000000000000000                          B30000000020170310                                                          000153
1            A39KEL000002                      172307789                                                    281003170000030778                    3103170000000025000         K000000000011500000000000000000000000000000000000000000000000000000000000000000000000000011500000000000000000000000000                          B30000000020170310                                                          000154
1            A38RN8000002                      172309170                                                    281003170000030917                    3103170000000093214         K000000000011500000000000000000000000000000000000000000000000000000000000000000000000000011500000000000000000000000000                          B30000000020170310                                                          000155
1            A39KR8000002                      172314491                                                    281003170000031449                    3103170000000127321         K000000000011500000000000000000000000000000000000000000000000000000000000000000000000000011500000000000000000000000000                          B30000000020170310                                                          000156
1            A39KR9000002                      172314599                                                    281003170000031459                    3103170000000121637         K000000000011500000000000000000000000000000000000000000000000000000000000000000000000000011500000000000000000000000000                          B30000000020170310                                                          000157
1            C0000000000                       172305778                                                    06100317          090322                    0000000110268                                                              00000000000000000000004268000000010600000000000000000000000000000                          00        20170313                                                          000158
1            C0000000000                       172305778                                                    28100317          090322                    0000000000115                                                              00000000000000000000004268000000010600000000000000000000000000000                          B3        20170310                                                          000159
1            C0000000000                       172307487                                                    06100317          090316                    0000000110268                                                              00000000000000000000004268000000010600000000000000000000000000000                          00        20170313                                                          000160
1            C0000000000                       172307487                                                    28100317          090316                    0000000000115                                                              00000000000000000000004268000000010600000000000000000000000000000                          B3        20170310                                                          000161
1            C0000000000                       172000888                                                    06100317          COMPE                     0000000060795                                                              00000000000000000000000000000000005850000000000000000000000000000                          H5        20170313                                                          000162
1            C0000000000                       172000888                                                    28100317          COMPE                     0000000000115                                                              00000000000000000000000000000000005850000000000000000000000000000                          B3        20170310                                                          000163
1            C0000000000                       172007378                                                    06100317          COMPE                     0000000045530                                                              00000000000000000000000000000000004400000000000000000000000000000                          H5        20170313                                                          000164
1            C0000000000                       172007378                                                    28100317          COMPE                     0000000000115                                                              00000000000000000000000000000000004400000000000000000000000000000                          B3        20170310                                                          000165
1            C0000000000                       172009028                                                    06100317          COMPE                     0000000015000                                                              00000000000000000000000000000000001500000000000000000000000000000                          H5        20170313                                                          000166
1            C0000000000                       172009028                                                    28100317          COMPE                     0000000000115                                                              00000000000000000000000000000000001500000000000000000000000000000                          B3        20170310                                                          000167
1            C0000000000                       172010891                                                    06100317          COMPE                     0000000063848                                                              00000000000000000000000000000000006140000000000000000000000000000                          H5        20170313                                                          000168
1            C0000000000                       172010891                                                    28100317          COMPE                     0000000000115                                                              00000000000000000000000000000000006140000000000000000000000000000                          B3        20170310                                                          000169
1            C0000000000                       172314394                                                    06100317          COMPE                     0000000127321                                                              00000000000000000000000000000000012220000000000000000000000000000                          H5        20170313                                                          000170
1            C0000000000                       172314394                                                    28100317          COMPE                     0000000000115                                                              00000000000000000000000000000000012220000000000000000000000000000                          B3        20170310                                                          000171
1            C0000000000                       172315099                                                    06100317          COMPE                     0000000104583                                                              00000000000000000000000000000000010060000000000000000000000000000                          H5        20170313                                                          000172
1            C0000000000                       172315099                                                    28100317          COMPE                     0000000000115                                                              00000000000000000000000000000000010060000000000000000000000000000                          B3        20170310                                                          000173
9274826431                                                                                                                                                                                                                                                                                                                                                                                                000174
