02RETORNO01COBRANCA       2643103361110000177                               748BANSICREDI     20170530        0000169                                                                                                                                                                                                                                                                                 1.00000001
1            A39K18000002                      172007041                                                    062905170000000704090302              3103170000000015000         K000000000000000000000000000000000000000000000000000000000000000000000000000000000000001547700000000001770000000000300                          000000000020170530                                                          000002
1            A39K18000002                      172007050                                                    062905170000000705090302              3004170000000015000         K000000000000000000000000000000000000000000000000000000000000000000000000000000000000001538700000000000870000000000300                          000000000020170530                                                          000003
1            A38RFN000002                      172006622                                                    062905170000000662COMPE               3105170000000015000         K000000000000000000000000000000000000000000000000000000000000000000000000000000000000001500000000000000000000000000000                          H50000000020170530                                                          000004
1            A39K19000002                      172007181                                                    062905170000000718COMPE               3006170000000015000         K000000000000000000000000000000000000000000000000000000000000000000000000000000000000001500000000000000000000000000000                          H50000000020170530                                                          000005
1            A39K20000002                      172010697                                                    062905170000001069COMPE               3105170000000063848         K000000000000000000000000000000000000000000000000000000000000000000000000000000000000006384800000000000000000000000000                          H50000000020170530                                                          000006
1            A38RD2000002                      172032801                                                    062905170000003280COMPE               3105170000000054925         K000000000000000000000000000000000000000000000000000000000000000000000000000000000000005492500000000000000000000000000                          H50000000020170530                                                          000007
1            A39K18000002                      172007041                                                    282905170000000704                    3103170000000015000         K000000000011500000000000000000000000000000000000000000000000000000000000000000000000000011500000000000000000000000000                          B30000000020170529                                                          000008
1            A39K18000002                      172007050                                                    282905170000000705                    3004170000000015000         K000000000011500000000000000000000000000000000000000000000000000000000000000000000000000011500000000000000000000000000                          B30000000020170529                                                          000009
1            A38RFN000002                      172006622                                                    282905170000000662                    3105170000000015000         K000000000011500000000000000000000000000000000000000000000000000000000000000000000000000011500000000000000000000000000                          B30000000020170529                                                          000010
1            A39K19000002                      172007181                                                    282905170000000718                    3006170000000015000         K000000000011500000000000000000000000000000000000000000000000000000000000000000000000000011500000000000000000000000000                          B30000000020170529                                                          000011
1            A39K20000002                      172010697                                                    282905170000001069                    3105170000000063848         K000000000011500000000000000000000000000000000000000000000000000000000000000000000000000011500000000000000000000000000                          B30000000020170529                                                          000012
1            A38RD2000002                      172032801                                                    282905170000003280                    3105170000000054925         K000000000011500000000000000000000000000000000000000000000000000000000000000000000000000011500000000000000000000000000                          B30000000020170529                                                          000013
9274826431                                                                                                                                                                                                                                                                                                                                                                                                000014
