02RETORNO01COBRANCA       2643103361110000177                               748BANSICREDI     20170330        0000132                                                                                                                                                                                                                                                                                 1.00000001
1            A39KEW000002                      172307070                                                    062903170000030707090302              3103170000000081845         K000000000000000000000000000000000000000000000000000000000000000000000000000000000000008184500000000000000000000000000                          000000000020170330                                                          000002
1            A39KEW000002                      172307070                                                    282903170000030707                    3103170000000081845         K000000000011500000000000000000000000000000000000000000000000000000000000000000000000000011500000000000000000000000000                          B30000000020170329                                                          000003
1            C0000000000                       172004077                                                    06290317          090315                    0000000066901                                                              00000000000000000000000000000000006430000000000000000000000000000                          00        20170330                                                          000004
1            C0000000000                       172004077                                                    28290317          090315                    0000000000115                                                              00000000000000000000000000000000006430000000000000000000000000000                          B3        20170329                                                          000005
1            C0000000000                       172010018                                                    06290317          COMPE                     0000000063848                                                              00000000000000000000000000000000006384800000000000000000000000000                          H5        20170330                                                          000006
1            C0000000000                       172010018                                                    28290317          COMPE                     0000000000115                                                              00000000000000000000000000000000006384800000000000000000000000000                          B3        20170329                                                          000007
9274826431                                                                                                                                                                                                                                                                                                                                                                                                000008
