02RETORNO01COBRANCA       2643103361110000177                               748BANSICREDI     20170601        0000171                                                                                                                                                                                                                                                                                 1.00000001
1            A39K1M000002                      172008803                                                    063105170000000880090302              3103170000000060795         K000000000000000000000000000000000000000000000000000000000000000000000000000000000000006274200000000007320000000001215                          000000000020170601                                                          000002
1            A39K0P000002                      172004751                                                    063105170000000475COMPE               3105170000000063848         K000000000000000000000000000000000000000000000000000000000000000000000000000000000000006384800000000000000000000000000                          H50000000020170601                                                          000003
1            A39K0S000002                      172005081                                                    063105170000000508COMPE               3105170000000015000         K000000000000000000000000000000000000000000000000000000000000000000000000000000000000001500000000000000000000000000000                          H50000000020170601                                                          000004
1            A39K1E000002                      172007947                                                    063105170000000794COMPE               3105170000000063848         K000000000000000000000000000000000000000000000000000000000000000000000000000000000000006384800000000000000000000000000                          H50000000020170601                                                          000005
1            A39K1I000002                      172008382                                                    063105170000000838COMPE               3105170000000063848         K000000000000000000000000000000000000000000000000000000000000000000000000000000000000006384800000000000000000000000000                          H50000000020170601                                                          000006
1            A39K24000002                      172011570                                                    063105170000001157COMPE               3105170000000057742         K000000000000000000000000000000000000000000000000000000000000000000000000000000000000005774200000000000000000000000000                          H50000000020170601                                                          000007
1            A39K2E000002                      172012673                                                    063105170000001267COMPE               3105170000000063848         K000000000000000000000000000000000000000000000000000000000000000000000000000000000000006384800000000000000000000000000                          H50000000020170601                                                          000008
1            A39K2H000001                      172013009                                                    063105170000001300COMPE               3105170000000057742         K000000000000000000000000000000000000000000000000000000000000000000000000000000000000005774200000000000000000000000000                          H50000000020170601                                                          000009
1            A39K2Z000002                      172015311                                                    063105170000001531COMPE               3105170000000057742         K000000000000000000000000000000000000000000000000000000000000000000000000000000000000005774200000000000000000000000000                          H50000000020170601                                                          000010
1            A39K34000002                      172016083                                                    063105170000001608COMPE               3105170000000063848         K000000000000000000000000000000000000000000000000000000000000000000000000000000000000006384800000000000000000000000000                          H50000000020170601                                                          000011
1            A39K38000002                      172016636                                                    063105170000001663COMPE               3105170000000063848         K000000000000000000000000000000000000000000000000000000000000000000000000000000000000006384800000000000000000000000000                          H50000000020170601                                                          000012
1            A39K3B000002                      172016962                                                    063105170000001696COMPE               3105170000000076060         K000000000000000000000000000000000000000000000000000000000000000000000000000000000000007606000000000000000000000000000                          H50000000020170601                                                          000013
1            A39K3H000001                      172018060                                                    063105170000001806COMPE               3105170000000063848         K000000000000000000000000000000000000000000000000000000000000000000000000000000000000006384800000000000000000000000000                          H50000000020170601                                                          000014
1            A39K3M000002                      172019163                                                    063105170000001916COMPE               3105170000000066901         K000000000000000000000000000000000000000000000000000000000000000000000000000000000000006690100000000000000000000000000                          H50000000020170601                                                          000015
1            A39K34000002                      172019716                                                    063105170000001971COMPE               3105170000000063848         K000000000000000000000000000000000000000000000000000000000000000000000000000000000000006384800000000000000000000000000                          H50000000020170601                                                          000016
1            A38R9U000002                      172019937                                                    063105170000001993COMPE               3105170000000063848         K000000000000000000000000000000000000000000000000000000000000000000000000000000000000006384800000000000000000000000000                          H50000000020170601                                                          000017
1            A39K3T000002                      172020706                                                    063105170000002070COMPE               3105170000000045530         K000000000000000000000000000000000000000000000000000000000000000000000000000000000000004400000000000000000000000000000                          H50000000020170601                                                          000018
1            A39K3U000002                      172020811                                                    063105170000002081COMPE               3105170000000045530         K000000000000000000000000000000000000000000000000000000000000000000000000000000000000004400000000000000000000000000000                          H50000000020170601                                                          000019
1            A38RAE000002                      172022148                                                    063105170000002214COMPE               3006170000000063848         K000000000000000000000000000000000000000000000000000000000000000000000000000000000000006140000000000000000000000000000                          H50000000020170601                                                          000020
1            A38RAQ000002                      172023560                                                    063105170000002356COMPE               3105170000000060795         K000000000000000000000000000000000000000000000000000000000000000000000000000000000000005850000000000000000000000000000                          H50000000020170601                                                          000021
1            A39K4A000002                      172024884                                                    063105170000002488COMPE               3105170000000057742         K000000000000000000000000000000000000000000000000000000000000000000000000000000000000005774200000000000000000000000000                          H50000000020170601                                                          000022
1            A38RSQ000002                      172025767                                                    063105170000002576COMPE               3105170000000015000         K000000000000000000000000000000000000000000000000000000000000000000000000000000000000001500000000000000000000000000000                          H50000000020170601                                                          000023
1            A38RSW000001                      172026534                                                    063105170000002653COMPE               3105170000000015000         K000000000000000000000000000000000000000000000000000000000000000000000000000000000000001500000000000000000000000000000                          H50000000020170601                                                          000024
1            A39K4D000002                      172027190                                                    063105170000002719COMPE               3105170000000015000         K000000000000000000000000000000000000000000000000000000000000000000000000000000000000001500000000000000000000000000000                          H50000000020170601                                                          000025
1            A39K4K000001                      172029177                                                    063105170000002917COMPE               3105170000000041555         K000000000000000000000000000000000000000000000000000000000000000000000000000000000000004155500000000000000000000000000                          H50000000020170601                                                          000026
1            A38RTG000002                      172030825                                                    063105170000003082COMPE               3105170000000021500         K000000000000000000000000000000000000000000000000000000000000000000000000000000000000002150000000000000000000000000000                          H50000000020170601                                                          000027
1            A39K4N000002                      172030930                                                    063105170000003093COMPE               3105170000000021500         K000000000000000000000000000000000000000000000000000000000000000000000000000000000000002150000000000000000000000000000                          H50000000020170601                                                          000028
1            A38RMG000001                      172032259                                                    063105170000003225COMPE               3105170000000054925         K000000000000000000000000000000000000000000000000000000000000000000000000000000000000005492500000000000000000000000000                          H50000000020170601                                                          000029
1            A38RT2000002                      172033794                                                    063105170000003379COMPE               3105170000000021500         K000000000000000000000000000000000000000000000000000000000000000000000000000000000000002150000000000000000000000000000                          H50000000020170601                                                          000030
1            A39K50000001                      172034782                                                    063105170000003478COMPE               3105170000000021500         K000000000000000000000000000000000000000000000000000000000000000000000000000000000000002150000000000000000000000000000                          H50000000020170601                                                          000031
1            A39K1H000002                      172040847                                                    063105170000004084COMPE               3006170000000045530         K000000000000000000000000000000000000000000000000000000000000000000000000000000000000004400000000000000000000000000000                          H50000000020170601                                                          000032
1            A39KF3000001                      172302698                                                    063105170000030269COMPE               3105170000000104583         K000000000000000000000000000000000000000000000000000000000000000000000000000000000000010458300000000000000000000000000                          H50000000020170601                                                          000033
1            A39KDP000002                      172304690                                                    063105170000030469COMPE               3105170000000079583         K000000000000000000000000000000000000000000000000000000000000000000000000000000000000007958300000000000000000000000000                          H50000000020170601                                                          000034
1            A38RN3000001                      172306391                                                    063105170000030639COMPE               3105170000000079583         K000000000000000000000000000000000000000000000000000000000000000000000000000000000000007958300000000000000000000000000                          H50000000020170601                                                          000035
1            A39KEL000002                      172307800                                                    063105170000030780COMPE               3105170000000025000         K000000000000000000000000000000000000000000000000000000000000000000000000000000000000002500000000000000000000000000000                          H50000000020170601                                                          000036
1            A38RTE000002                      172310615                                                    063105170000031061COMPE               3105170000000021500         K000000000000000000000000000000000000000000000000000000000000000000000000000000000000002150000000000000000000000000000                          H50000000020170601                                                          000037
1            A39NEZ000001                      172316109                                                    063105170000031610COMPE               3105170000000127321         K000000000000000000000000000000000000000000000000000000000000000000000000000000000000012732100000000000000000000000000                          H50000000020170601                                                          000038
1            A39K1M000002                      172008803                                                    283105170000000880                    3103170000000060795         K000000000011500000000000000000000000000000000000000000000000000000000000000000000000000011500000000000000000000000000                          B30000000020170531                                                          000039
1            A39K0P000002                      172004751                                                    283105170000000475                    3105170000000063848         K000000000011500000000000000000000000000000000000000000000000000000000000000000000000000011500000000000000000000000000                          B30000000020170531                                                          000040
1            A39K0S000002                      172005081                                                    283105170000000508                    3105170000000015000         K000000000011500000000000000000000000000000000000000000000000000000000000000000000000000011500000000000000000000000000                          B30000000020170531                                                          000041
1            A39K1E000002                      172007947                                                    283105170000000794                    3105170000000063848         K000000000011500000000000000000000000000000000000000000000000000000000000000000000000000011500000000000000000000000000                          B30000000020170531                                                          000042
1            A39K1I000002                      172008382                                                    283105170000000838                    3105170000000063848         K000000000011500000000000000000000000000000000000000000000000000000000000000000000000000011500000000000000000000000000                          B30000000020170531                                                          000043
1            A39K24000002                      172011570                                                    283105170000001157                    3105170000000057742         K000000000011500000000000000000000000000000000000000000000000000000000000000000000000000011500000000000000000000000000                          B30000000020170531                                                          000044
1            A39K2E000002                      172012673                                                    283105170000001267                    3105170000000063848         K000000000011500000000000000000000000000000000000000000000000000000000000000000000000000011500000000000000000000000000                          B30000000020170531                                                          000045
1            A39K2H000001                      172013009                                                    283105170000001300                    3105170000000057742         K000000000011500000000000000000000000000000000000000000000000000000000000000000000000000011500000000000000000000000000                          B30000000020170531                                                          000046
1            A39K2Z000002                      172015311                                                    283105170000001531                    3105170000000057742         K000000000011500000000000000000000000000000000000000000000000000000000000000000000000000011500000000000000000000000000                          B30000000020170531                                                          000047
1            A39K34000002                      172016083                                                    283105170000001608                    3105170000000063848         K000000000011500000000000000000000000000000000000000000000000000000000000000000000000000011500000000000000000000000000                          B30000000020170531                                                          000048
1            A39K38000002                      172016636                                                    283105170000001663                    3105170000000063848         K000000000011500000000000000000000000000000000000000000000000000000000000000000000000000011500000000000000000000000000                          B30000000020170531                                                          000049
1            A39K3B000002                      172016962                                                    283105170000001696                    3105170000000076060         K000000000011500000000000000000000000000000000000000000000000000000000000000000000000000011500000000000000000000000000                          B30000000020170531                                                          000050
1            A39K3H000001                      172018060                                                    283105170000001806                    3105170000000063848         K000000000011500000000000000000000000000000000000000000000000000000000000000000000000000011500000000000000000000000000                          B30000000020170531                                                          000051
1            A39K3M000002                      172019163                                                    283105170000001916                    3105170000000066901         K000000000011500000000000000000000000000000000000000000000000000000000000000000000000000011500000000000000000000000000                          B30000000020170531                                                          000052
1            A39K34000002                      172019716                                                    283105170000001971                    3105170000000063848         K000000000011500000000000000000000000000000000000000000000000000000000000000000000000000011500000000000000000000000000                          B30000000020170531                                                          000053
1            A38R9U000002                      172019937                                                    283105170000001993                    3105170000000063848         K000000000011500000000000000000000000000000000000000000000000000000000000000000000000000011500000000000000000000000000                          B30000000020170531                                                          000054
1            A39K3T000002                      172020706                                                    283105170000002070                    3105170000000045530         K000000000011500000000000000000000000000000000000000000000000000000000000000000000000000011500000000000000000000000000                          B30000000020170531                                                          000055
1            A39K3U000002                      172020811                                                    283105170000002081                    3105170000000045530         K000000000011500000000000000000000000000000000000000000000000000000000000000000000000000011500000000000000000000000000                          B30000000020170531                                                          000056
1            A38RAE000002                      172022148                                                    283105170000002214                    3006170000000063848         K000000000011500000000000000000000000000000000000000000000000000000000000000000000000000011500000000000000000000000000                          B30000000020170531                                                          000057
1            A38RAQ000002                      172023560                                                    283105170000002356                    3105170000000060795         K000000000011500000000000000000000000000000000000000000000000000000000000000000000000000011500000000000000000000000000                          B30000000020170531                                                          000058
1            A39K4A000002                      172024884                                                    283105170000002488                    3105170000000057742         K000000000011500000000000000000000000000000000000000000000000000000000000000000000000000011500000000000000000000000000                          B30000000020170531                                                          000059
1            A38RSQ000002                      172025767                                                    283105170000002576                    3105170000000015000         K000000000011500000000000000000000000000000000000000000000000000000000000000000000000000011500000000000000000000000000                          B30000000020170531                                                          000060
1            A38RSW000001                      172026534                                                    283105170000002653                    3105170000000015000         K000000000011500000000000000000000000000000000000000000000000000000000000000000000000000011500000000000000000000000000                          B30000000020170531                                                          000061
1            A39K4D000002                      172027190                                                    283105170000002719                    3105170000000015000         K000000000011500000000000000000000000000000000000000000000000000000000000000000000000000011500000000000000000000000000                          B30000000020170531                                                          000062
1            A39K4K000001                      172029177                                                    283105170000002917                    3105170000000041555         K000000000011500000000000000000000000000000000000000000000000000000000000000000000000000011500000000000000000000000000                          B30000000020170531                                                          000063
1            A38RTG000002                      172030825                                                    283105170000003082                    3105170000000021500         K000000000011500000000000000000000000000000000000000000000000000000000000000000000000000011500000000000000000000000000                          B30000000020170531                                                          000064
1            A39K4N000002                      172030930                                                    283105170000003093                    3105170000000021500         K000000000011500000000000000000000000000000000000000000000000000000000000000000000000000011500000000000000000000000000                          B30000000020170531                                                          000065
1            A38RMG000001                      172032259                                                    283105170000003225                    3105170000000054925         K000000000011500000000000000000000000000000000000000000000000000000000000000000000000000011500000000000000000000000000                          B30000000020170531                                                          000066
1            A38RT2000002                      172033794                                                    283105170000003379                    3105170000000021500         K000000000011500000000000000000000000000000000000000000000000000000000000000000000000000011500000000000000000000000000                          B30000000020170531                                                          000067
1            A39K50000001                      172034782                                                    283105170000003478                    3105170000000021500         K000000000011500000000000000000000000000000000000000000000000000000000000000000000000000011500000000000000000000000000                          B30000000020170531                                                          000068
1            A39K1H000002                      172040847                                                    283105170000004084                    3006170000000045530         K000000000011500000000000000000000000000000000000000000000000000000000000000000000000000011500000000000000000000000000                          B30000000020170531                                                          000069
1            A39KF3000001                      172302698                                                    283105170000030269                    3105170000000104583         K000000000011500000000000000000000000000000000000000000000000000000000000000000000000000011500000000000000000000000000                          B30000000020170531                                                          000070
1            A39KDP000002                      172304690                                                    283105170000030469                    3105170000000079583         K000000000011500000000000000000000000000000000000000000000000000000000000000000000000000011500000000000000000000000000                          B30000000020170531                                                          000071
1            A38RN3000001                      172306391                                                    283105170000030639                    3105170000000079583         K000000000011500000000000000000000000000000000000000000000000000000000000000000000000000011500000000000000000000000000                          B30000000020170531                                                          000072
1            A39KEL000002                      172307800                                                    283105170000030780                    3105170000000025000         K000000000011500000000000000000000000000000000000000000000000000000000000000000000000000011500000000000000000000000000                          B30000000020170531                                                          000073
1            A38RTE000002                      172310615                                                    283105170000031061                    3105170000000021500         K000000000011500000000000000000000000000000000000000000000000000000000000000000000000000011500000000000000000000000000                          B30000000020170531                                                          000074
1            A39NEZ000001                      172316109                                                    283105170000031610                    3105170000000127321         K000000000011500000000000000000000000000000000000000000000000000000000000000000000000000011500000000000000000000000000                          B30000000020170531                                                          000075
1            C0000000000                       172037757                                                    06310517          090202                    0000000073977                                                              00000000000000000000000000000000007397700000000000000000000000000                          00        20170601                                                          000076
1            C0000000000                       172037757                                                    28310517          090202                    0000000000115                                                              00000000000000000000000000000000007397700000000000000000000000000                          B3        20170531                                                          000077
1            C0000000000                       172011359                                                    06310517          COMPE                     0000000015000                                                              00000000000000000000000000000000001500000000000000000000000000000                          H5        20170601                                                          000078
1            C0000000000                       172011359                                                    28310517          COMPE                     0000000000115                                                              00000000000000000000000000000000001500000000000000000000000000000                          B3        20170531                                                          000079
1            C0000000000                       172304992                                                    06310517          COMPE                     0000000115952                                                              00000000000000000000000000000000011595200000000000000000000000000                          H5        20170601                                                          000080
1            C0000000000                       172304992                                                    28310517          COMPE                     0000000000115                                                              00000000000000000000000000000000011595200000000000000000000000000                          B3        20170531                                                          000081
9274826431                                                                                                                                                                                                                                                                                                                                                                                                000082
