02RETORNO01COBRANCA       2643103361110000177                               748BANSICREDI     20170315        0000121                                                                                                                                                                                                                                                                                 1.00000001
1            A38RSU000001                      172026291                                                    061403170000002629COMPE               3103170000000015000         K000000000000000000000000000000000000000000000000000000000000000000000000000000000000001500000000000000000000000000000                          H50000000020170315                                                          000002
1            A38RSU000001                      172026291                                                    281403170000002629                    3103170000000015000         K000000000011500000000000000000000000000000000000000000000000000000000000000000000000000011500000000000000000000000000                          B30000000020170314                                                          000003
9274826431                                                                                                                                                                                                                                                                                                                                                                                                000004
