02RETORNO01COBRANCA       2643103361110000177                               748BANSICREDI     20170303        0000113                                                                                                                                                                                                                                                                                 1.00000001
1            A39M32000002                      172042122                                                    020203170000004212                    3103170000000076060         K000000000000000000000000000000000000000000000000000000000000000000000000000000000000000000000000000000000000000000000                          0000000000                                                                  000002
1            A39M32000002                      172042130                                                    020203170000004213                    3004170000000076060         K000000000000000000000000000000000000000000000000000000000000000000000000000000000000000000000000000000000000000000000                          0000000000                                                                  000003
1            A39M32000002                      172042149                                                    020203170000004214                    3105170000000076060         K000000000000000000000000000000000000000000000000000000000000000000000000000000000000000000000000000000000000000000000                          0000000000                                                                  000004
1            A39M32000002                      172042157                                                    020203170000004215                    3006170000000076060         K000000000000000000000000000000000000000000000000000000000000000000000000000000000000000000000000000000000000000000000                          0000000000                                                                  000005
1            A39M32000002                      172042165                                                    020203170000004216                    3107170000000076060         K000000000000000000000000000000000000000000000000000000000000000000000000000000000000000000000000000000000000000000000                          0000000000                                                                  000006
1            A39M32000002                      172042173                                                    020203170000004217                    3108170000000076060         K000000000000000000000000000000000000000000000000000000000000000000000000000000000000000000000000000000000000000000000                          0000000000                                                                  000007
1            A39M32000002                      172042181                                                    020203170000004218                    3009170000000076060         K000000000000000000000000000000000000000000000000000000000000000000000000000000000000000000000000000000000000000000000                          0000000000                                                                  000008
1            A39M32000002                      172042190                                                    020203170000004219                    3110170000000076060         K000000000000000000000000000000000000000000000000000000000000000000000000000000000000000000000000000000000000000000000                          0000000000                                                                  000009
1            A39M32000002                      172042203                                                    020203170000004220                    3011170000000061060         K000000000000000000000000000000000000000000000000000000000000000000000000000000000000000000000000000000000000000000000                          0000000000                                                                  000010
1            A39M32000002                      172042211                                                    020203170000004221                    3112170000000061060         K000000000000000000000000000000000000000000000000000000000000000000000000000000000000000000000000000000000000000000000                          0000000000                                                                  000011
1            A39K1G000002                      172008137                                                    060203170000000813090302              2802170000000076060         K000000000000000000000000000000000000000000000000000000000000000000000000000000000000007761100000000000300000000001521                          000000000020170303                                                          000012
1            A39K2N000002                      172013742                                                    060203170000001374090316              2802170000000015000         K000000000000000000000000000000000000000000000000000000000000000000000000000000000000001530600000000000060000000000300                          000000000020170303                                                          000013
1            A38RA5000002                      172021117                                                    060203170000002111090312              2802170000000060795         K000000000000000000000000000000000000000000000000000000000000000000000000000000000000006204600000000000360000000001215                          000000000020170303                                                          000014
1            A39K01000002                      172001655                                                    060203170000000165COMPE               3103170000000033318         K000000000000000000000000000000000000000000000000000000000000000000000000000000000000003240000000000000000000000000000                          H50000000020170303                                                          000015
1            A39K1D000002                      172007700                                                    060203170000000770COMPE               3103170000000057742         K000000000000000000000000000000000000000000000000000000000000000000000000000000000000005560000000000000000000000000000                          H50000000020170303                                                          000016
1            A39K2K000002                      172013424                                                    060203170000001342COMPE               3103170000000076060         K000000000000000000000000000000000000000000000000000000000000000000000000000000000000007300000000000000000000000000000                          H50000000020170303                                                          000017
1            A38RSO000002                      172020137                                                    060203170000002013COMPE               3103170000000015000         K000000000000000000000000000000000000000000000000000000000000000000000000000000000000001500000000000000000000000000000                          H50000000020170303                                                          000018
1            A38RAK000002                      172022776                                                    060203170000002277COMPE               3103170000000060795         K000000000000000000000000000000000000000000000000000000000000000000000000000000000000005850000000000000000000000000000                          H50000000020170303                                                          000019
1            A38RBA000002                      172027506                                                    060203170000002750COMPE               3103170000000033318         K000000000000000000000000000000000000000000000000000000000000000000000000000000000000003240000000000000000000000000000                          H50000000020170303                                                          000020
1            A38RBE000002                      172027832                                                    060203170000002783COMPE               3103170000000045530         K000000000000000000000000000000000000000000000000000000000000000000000000000000000000004400000000000000000000000000000                          H50000000020170303                                                          000021
1            A39K4M000002                      172029924                                                    060203170000002992COMPE               3103170000000078323         K000000000000000000000000000000000000000000000000000000000000000000000000000000000000007547500000000000000000000000000                          H50000000020170303                                                          000022
1            A39K59000002                      172036858                                                    060203170000003685COMPE               3103170000000064953         K000000000000000000000000000000000000000000000000000000000000000000000000000000000000006277500000000000000000000000000                          H50000000020170303                                                          000023
1            A39K1G000002                      172008137                                                    280203170000000813                    2802170000000076060         K000000000011500000000000000000000000000000000000000000000000000000000000000000000000000011500000000000000000000000000                          B30000000020170302                                                          000024
1            A39K2N000002                      172013742                                                    280203170000001374                    2802170000000015000         K000000000011500000000000000000000000000000000000000000000000000000000000000000000000000011500000000000000000000000000                          B30000000020170302                                                          000025
1            A38RA5000002                      172021117                                                    280203170000002111                    2802170000000060795         K000000000011500000000000000000000000000000000000000000000000000000000000000000000000000011500000000000000000000000000                          B30000000020170302                                                          000026
1            A39K01000002                      172001655                                                    280203170000000165                    3103170000000033318         K000000000011500000000000000000000000000000000000000000000000000000000000000000000000000011500000000000000000000000000                          B30000000020170302                                                          000027
1            A39K1D000002                      172007700                                                    280203170000000770                    3103170000000057742         K000000000011500000000000000000000000000000000000000000000000000000000000000000000000000011500000000000000000000000000                          B30000000020170302                                                          000028
1            A39K2K000002                      172013424                                                    280203170000001342                    3103170000000076060         K000000000011500000000000000000000000000000000000000000000000000000000000000000000000000011500000000000000000000000000                          B30000000020170302                                                          000029
1            A38RSO000002                      172020137                                                    280203170000002013                    3103170000000015000         K000000000011500000000000000000000000000000000000000000000000000000000000000000000000000011500000000000000000000000000                          B30000000020170302                                                          000030
1            A38RAK000002                      172022776                                                    280203170000002277                    3103170000000060795         K000000000011500000000000000000000000000000000000000000000000000000000000000000000000000011500000000000000000000000000                          B30000000020170302                                                          000031
1            A38RBA000002                      172027506                                                    280203170000002750                    3103170000000033318         K000000000011500000000000000000000000000000000000000000000000000000000000000000000000000011500000000000000000000000000                          B30000000020170302                                                          000032
1            A38RBE000002                      172027832                                                    280203170000002783                    3103170000000045530         K000000000011500000000000000000000000000000000000000000000000000000000000000000000000000011500000000000000000000000000                          B30000000020170302                                                          000033
1            A39K4M000002                      172029924                                                    280203170000002992                    3103170000000078323         K000000000011500000000000000000000000000000000000000000000000000000000000000000000000000011500000000000000000000000000                          B30000000020170302                                                          000034
1            A39K59000002                      172036858                                                    280203170000003685                    3103170000000064953         K000000000011500000000000000000000000000000000000000000000000000000000000000000000000000011500000000000000000000000000                          B30000000020170302                                                          000035
1            C0000000000                       172311581                                                    06020317          090316                    0000000021500                                                              00000000000000000000000000000000002194200000000000130000000000430                          00        20170303                                                          000036
1            C0000000000                       172311581                                                    28020317          090316                    0000000000115                                                              00000000000000000000000000000000002194200000000000130000000000430                          B3        20170302                                                          000037
9274826431                                                                                                                                                                                                                                                                                                                                                                                                000038
