02RETORNO01COBRANCA       2643103361110000177                               748BANSICREDI     20170328        0000130                                                                                                                                                                                                                                                                                 1.00000001
1            A38R9R000002                      172022555                                                    062703170000002255COMPE               3103170000000045530         K000000000000000000000000000000000000000000000000000000000000000000000000000000000000004553000000000000000000000000000                          H50000000020170328                                                          000002
1            A38RDM000002                      172311484                                                    062703170000031148COMPE               3103170000000074980         K000000000000000000000000000000000000000000000000000000000000000000000000000000000000007498000000000000000000000000000                          H50000000020170328                                                          000003
1            A38R9R000002                      172022555                                                    282703170000002255                    3103170000000045530         K000000000011500000000000000000000000000000000000000000000000000000000000000000000000000011500000000000000000000000000                          B30000000020170327                                                          000004
1            A38RDM000002                      172311484                                                    282703170000031148                    3103170000000074980         K000000000011500000000000000000000000000000000000000000000000000000000000000000000000000011500000000000000000000000000                          B30000000020170327                                                          000005
9274826431                                                                                                                                                                                                                                                                                                                                                                                                000006
