02RETORNO01COBRANCA       2643103361110000177                               748BANSICREDI     20170224        0000110                                                                                                                                                                                                                                                                                 1.00000001
1            A39K0Q000002                      172004832                                                    062302170000000483COMPE               2802170000000045530         K000000000000000000000000000000000000000000000000000000000000000000000000000000000000004553000000000000000000000000000                          H50000000020170224                                                          000002
1            A39K2G000002                      172012878                                                    062302170000001287COMPE               3103170000000063848         K000000000000000000000000000000000000000000000000000000000000000000000000000000000000006140000000000000000000000000000                          H50000000020170224                                                          000003
1            A39K3I000002                      172018361                                                    062302170000001836COMPE               2802170000000063848         K000000000000000000000000000000000000000000000000000000000000000000000000000000000000006384800000000000000000000000000                          H50000000020170224                                                          000004
1            A38RB2000002                      172021559                                                    062302170000002155COMPE               2802170000000045530         K000000000000000000000000000000000000000000000000000000000000000000000000000000000000004553000000000000000000000000000                          H50000000020170224                                                          000005
1            A38RAE000002                      172022113                                                    062302170000002211COMPE               3103170000000063848         K000000000000000000000000000000000000000000000000000000000000000000000000000000000000006140000000000000000000000000000                          H50000000020170224                                                          000006
1            A38RAP000002                      172023420                                                    062302170000002342COMPE               2802170000000076060         K000000000000000000000000000000000000000000000000000000000000000000000000000000000000007606000000000000000000000000000                          H50000000020170224                                                          000007
1            A39K4H000002                      172028707                                                    062302170000002870COMPE               2802170000000074980         K000000000000000000000000000000000000000000000000000000000000000000000000000000000000007498000000000000000000000000000                          H50000000020170224                                                          000008
1            A39KDW000002                      172311026                                                    062302170000031102COMPE               2802170000000021500         K000000000000000000000000000000000000000000000000000000000000000000000000000000000000002150000000000000000000000000000                          H50000000020170224                                                          000009
1            A39K0Q000002                      172004832                                                    282302170000000483                    2802170000000045530         K000000000011500000000000000000000000000000000000000000000000000000000000000000000000000011500000000000000000000000000                          B30000000020170223                                                          000010
1            A39K2G000002                      172012878                                                    282302170000001287                    3103170000000063848         K000000000011500000000000000000000000000000000000000000000000000000000000000000000000000011500000000000000000000000000                          B30000000020170223                                                          000011
1            A39K3I000002                      172018361                                                    282302170000001836                    2802170000000063848         K000000000011500000000000000000000000000000000000000000000000000000000000000000000000000011500000000000000000000000000                          B30000000020170223                                                          000012
1            A38RB2000002                      172021559                                                    282302170000002155                    2802170000000045530         K000000000011500000000000000000000000000000000000000000000000000000000000000000000000000011500000000000000000000000000                          B30000000020170223                                                          000013
1            A38RAE000002                      172022113                                                    282302170000002211                    3103170000000063848         K000000000011500000000000000000000000000000000000000000000000000000000000000000000000000011500000000000000000000000000                          B30000000020170223                                                          000014
1            A38RAP000002                      172023420                                                    282302170000002342                    2802170000000076060         K000000000011500000000000000000000000000000000000000000000000000000000000000000000000000011500000000000000000000000000                          B30000000020170223                                                          000015
1            A39K4H000002                      172028707                                                    282302170000002870                    2802170000000074980         K000000000011500000000000000000000000000000000000000000000000000000000000000000000000000011500000000000000000000000000                          B30000000020170223                                                          000016
1            A39KDW000002                      172311026                                                    282302170000031102                    2802170000000021500         K000000000011500000000000000000000000000000000000000000000000000000000000000000000000000011500000000000000000000000000                          B30000000020170223                                                          000017
9274826431                                                                                                                                                                                                                                                                                                                                                                                                000018
