02RETORNO01COBRANCA       2643103361110000177                               748BANSICREDI     20170511        0000158                                                                                                                                                                                                                                                                                 1.00000001
1            A39K14000002                      172006401                                                    061005170000000640090302              3105170000000057742         K000000000000000000000000000000000000000000000000000000000000000000000000002142000000005560000000000000000000000000000                          000000000020170511                                                          000002
1            A39K3L000002                      172018825                                                    061005170000001882090302              3004170000000063848         K000000000000000000000000000000000000000000000000000000000000000000000000000000000000006531500000000001920000000001276                          000000000020170511                                                          000003
1            A38RC1000002                      172033573                                                    061005170000003357090316              3105170000000074980         K000000000000000000000000000000000000000000000000000000000000026800000000000000000000007230000000000000000000000000000                          000000000020170511                                                          000004
1            A38R9Z000002                      172024116                                                    061005170000002411090325              3105170000000045530         K000000000000000000000000000000000000000000000000000000000000015300000000000000000000004400000000000000000000000000000                          000000000020170511                                                          000005
1            A38RSL000002                      172021990                                                    061005170000002199090325              2802170000000015000         K000000000000000000000000000000000000000000000000000000000000000000000000000000000000001521600000000002130000000000003                          000000000020170511                                                          000006
1            A38RSL000002                      172022008                                                    061005170000002200090325              3103170000000015000         K000000000000000000000000000000000000000000000000000000000000000000000000000000000000001512300000000001200000000000003                          000000000020170511                                                          000007
1            A38RDF000002                      172030167                                                    061005170000003016090303              3105170000000071638         K000000000000000000000000000000000000000000000000000000000000000000000000002513000000006912500000000000000000000000000                          000000000020170511                                                          000008
1            A39K1T000002                      172040944                                                    061005170000004094090302              3105170000000048848         K000000000000000000000000000000000000000000000000000000000000000000000000002448000000004640000000000000000000000000000                          000000000020170511                                                          000009
1            A38RA5000002                      172021133                                                    061005170000002113090312              3004170000000060795         K000000000000000000000000000000000000000000000000000000000000000000000000000000000000006219200000000001820000000001215                          000000000020170511                                                          000010
1            A39JZW000002                      172000799                                                    061005170000000079COMPE               3105170000000057742         K000000000000000000000000000000000000000000000000000000000000000000000000000000000000005560000000000000000000000000000                          H50000000020170511                                                          000011
1            A39K07000002                      172002333                                                    061005170000000233COMPE               3105170000000057742         K000000000000000000000000000000000000000000000000000000000000000000000000000000000000005560000000000000000000000000000                          H50000000020170511                                                          000012
1            A39K0A000002                      172002775                                                    061005170000000277COMPE               3105170000000060795         K000000000000000000000000000000000000000000000000000000000000000000000000000000000000005850000000000000000000000000000                          H50000000020170511                                                          000013
1            A38RBJ000002                      172003100                                                    061005170000000310COMPE               3105170000000057742         K000000000000000000000000000000000000000000000000000000000000000000000000000000000000005560000000000000000000000000000                          H50000000020170511                                                          000014
1            A39K0F000002                      172003437                                                    061005170000000343COMPE               3105170000000033318         K000000000000000000000000000000000000000000000000000000000000000000000000000000000000003240000000000000000000000000000                          H50000000020170511                                                          000015
1            A39K0I000002                      172003763                                                    061005170000000376COMPE               3105170000000060795         K000000000000000000000000000000000000000000000000000000000000000000000000000000000000005850000000000000000000000000000                          H50000000020170511                                                          000016
1            A39K0M000002                      172004310                                                    061005170000000431COMPE               3105170000000060795         K000000000000000000000000000000000000000000000000000000000000000000000000000000000000005850000000000000000000000000000                          H50000000020170511                                                          000017
1            A39K0T000002                      172005197                                                    061005170000000519COMPE               3105170000000045530         K000000000000000000000000000000000000000000000000000000000000000000000000000000000000004553000000000000000000000000000                          H50000000020170511                                                          000018
1            A39K0Y000002                      172005740                                                    061005170000000574COMPE               3105170000000063848         K000000000000000000000000000000000000000000000000000000000000000000000000000000000000006140000000000000000000000000000                          H50000000020170511                                                          000019
1            A39K12000002                      172006185                                                    061005170000000618COMPE               3105170000000057742         K000000000000000000000000000000000000000000000000000000000000000000000000000000000000005560000000000000000000000000000                          H50000000020170511                                                          000020
1            A39K13000002                      172006290                                                    061005170000000629COMPE               3105170000000045530         K000000000000000000000000000000000000000000000000000000000000000000000000000000000000004400000000000000000000000000000                          H50000000020170511                                                          000021
1            A39K1G000002                      172008161                                                    061005170000000816COMPE               3105170000000076060         K000000000000000000000000000000000000000000000000000000000000000000000000000000000000007306000000000000000000000000000                          H50000000020170511                                                          000022
1            A39K1J000002                      172008498                                                    061005170000000849COMPE               3105170000000063848         K000000000000000000000000000000000000000000000000000000000000000000000000000000000000006140000000000000000000000000000                          H50000000020170511                                                          000023
1            A39K1O000002                      172009150                                                    061005170000000915COMPE               3105170000000015000         K000000000000000000000000000000000000000000000000000000000000000000000000000000000000001500000000000000000000000000000                          H50000000020170511                                                          000024
1            A39K1Q000002                      172009370                                                    061005170000000937COMPE               3105170000000076060         K000000000000000000000000000000000000000000000000000000000000000000000000000000000000007300000000000000000000000000000                          H50000000020170511                                                          000025
1            A39K1W000002                      172010140                                                    061005170000001014COMPE               3105170000000057742         K000000000000000000000000000000000000000000000000000000000000000000000000000000000000005560000000000000000000000000000                          H50000000020170511                                                          000026
1            A39K1Z000002                      172010581                                                    061005170000001058COMPE               3105170000000060795         K000000000000000000000000000000000000000000000000000000000000000000000000000000000000005850000000000000000000000000000                          H50000000020170511                                                          000027
1            A39K21000001                      172011022                                                    061005170000001102COMPE               3105170000000063848         K000000000000000000000000000000000000000000000000000000000000000000000000000000000000006140000000000000000000000000000                          H50000000020170511                                                          000028
1            A39K25000002                      172011685                                                    061005170000001168COMPE               3105170000000045530         K000000000000000000000000000000000000000000000000000000000000000000000000000000000000004400000000000000000000000000000                          H50000000020170511                                                          000029
1            A39K27000002                      172011901                                                    061005170000001190COMPE               3105170000000063848         K000000000000000000000000000000000000000000000000000000000000000000000000000000000000006140000000000000000000000000000                          H50000000020170511                                                          000030
1            A39K2A000002                      172012231                                                    061005170000001223COMPE               3105170000000045530         K000000000000000000000000000000000000000000000000000000000000000000000000000000000000004400000000000000000000000000000                          H50000000020170511                                                          000031
1            A39K2C000002                      172012452                                                    061005170000001245COMPE               3105170000000030265         K000000000000000000000000000000000000000000000000000000000000000000000000000000000000003026500000000000000000000000000                          H50000000020170511                                                          000032
1            A39K2D000002                      172012568                                                    061005170000001256COMPE               3105170000000030265         K000000000000000000000000000000000000000000000000000000000000000000000000000000000000002950000000000000000000000000000                          H50000000020170511                                                          000033
1            A39K2J000002                      172013220                                                    061005170000001322COMPE               3105170000000057742         K000000000000000000000000000000000000000000000000000000000000000000000000000000000000005560000000000000000000000000000                          H50000000020170511                                                          000034
1            A39K2V000002                      172014870                                                    061005170000001487COMPE               3105170000000060795         K000000000000000000000000000000000000000000000000000000000000000000000000000000000000005850000000000000000000000000000                          H50000000020170511                                                          000035
1            A39K39000002                      172016741                                                    061005170000001674COMPE               3105170000000045530         K000000000000000000000000000000000000000000000000000000000000000000000000000000000000004400000000000000000000000000000                          H50000000020170511                                                          000036
1            A39K3D000002                      172017187                                                    061005170000001718COMPE               3105170000000063848         K000000000000000000000000000000000000000000000000000000000000000000000000000000000000006140000000000000000000000000000                          H50000000020170511                                                          000037
1            A39K3K000002                      172018728                                                    061005170000001872COMPE               3105170000000051636         K000000000000000000000000000000000000000000000000000000000000000000000000000000000000004980000000000000000000000000000                          H50000000020170511                                                          000038
1            A39K3P000001                      172020048                                                    061005170000002004COMPE               3105170000000076060         K000000000000000000000000000000000000000000000000000000000000000000000000000000000000007300000000000000000000000000000                          H50000000020170511                                                          000039
1            A38RBB000002                      172023128                                                    061005170000002312COMPE               3105170000000045530         K000000000000000000000000000000000000000000000000000000000000000000000000000000000000004400000000000000000000000000000                          H50000000020170511                                                          000040
1            A38RAU000002                      172023896                                                    061005170000002389COMPE               3105170000000063848         K000000000000000000000000000000000000000000000000000000000000000000000000000000000000006140000000000000000000000000000                          H50000000020170511                                                          000041
1            A38RA2000002                      172024337                                                    061005170000002433COMPE               3105170000000060795         K000000000000000000000000000000000000000000000000000000000000000000000000000000000000005850000000000000000000000000000                          H50000000020170511                                                          000042
1            A38RAV000002                      172024663                                                    061005170000002466COMPE               3105170000000057742         K000000000000000000000000000000000000000000000000000000000000000000000000000000000000005560000000000000000000000000000                          H50000000020170511                                                          000043
1            A38RMC000002                      172027638                                                    061005170000002763COMPE               3105170000000045530         K000000000000000000000000000000000000000000000000000000000000000000000000000000000000004400000000000000000000000000000                          H50000000020170511                                                          000044
1            A38RBG000002                      172027964                                                    061005170000002796COMPE               3105170000000045530         K000000000000000000000000000000000000000000000000000000000000000000000000000000000000004400000000000000000000000000000                          H50000000020170511                                                          000045
1            A38RBH000002                      172028073                                                    061005170000002807COMPE               3105170000000066901         K000000000000000000000000000000000000000000000000000000000000000000000000000000000000006430000000000000000000000000000                          H50000000020170511                                                          000046
1            A38RA4000002                      172028189                                                    061005170000002818COMPE               3105170000000063848         K000000000000000000000000000000000000000000000000000000000000000000000000000000000000006140000000000000000000000000000                          H50000000020170511                                                          000047
1            A38RD9000002                      172028294                                                    061005170000002829COMPE               3105170000000071638         K000000000000000000000000000000000000000000000000000000000000000000000000000000000000006912500000000000000000000000000                          H50000000020170511                                                          000048
1            A38RT8000002                      172028405                                                    061005170000002840COMPE               3105170000000021500         K000000000000000000000000000000000000000000000000000000000000000000000000000000000000002150000000000000000000000000000                          H50000000020170511                                                          000049
1            A38RBJ000002                      172028626                                                    061005170000002862COMPE               3105170000000054925         K000000000000000000000000000000000000000000000000000000000000000000000000000000000000005325000000000000000000000000000                          H50000000020170511                                                          000050
1            A38RCS000002                      172029282                                                    061005170000002928COMPE               3105170000000071638         K000000000000000000000000000000000000000000000000000000000000000000000000000000000000006912500000000000000000000000000                          H50000000020170511                                                          000051
1            A39K4L000002                      172029398                                                    061005170000002939COMPE               3105170000000058268         K000000000000000000000000000000000000000000000000000000000000000000000000000000000000005642500000000000000000000000000                          H50000000020170511                                                          000052
1            A38RBN000001                      172030272                                                    061005170000003027COMPE               3105170000000078323         K000000000000000000000000000000000000000000000000000000000000000000000000000000000000007547500000000000000000000000000                          H50000000020170511                                                          000053
1            A38RDK000002                      172030710                                                    061005170000003071COMPE               3105170000000074980         K000000000000000000000000000000000000000000000000000000000000000000000000000000000000007230000000000000000000000000000                          H50000000020170511                                                          000054
1            A39K4O000002                      172031040                                                    061005170000003104COMPE               3105170000000041555         K000000000000000000000000000000000000000000000000000000000000000000000000000000000000004055000000000000000000000000000                          H50000000020170511                                                          000055
1            A38RBS000001                      172031481                                                    061005170000003148COMPE               3105170000000061610         K000000000000000000000000000000000000000000000000000000000000000000000000000000000000005960000000000000000000000000000                          H50000000020170511                                                          000056
1            A39K4R000002                      172031708                                                    061005170000003170COMPE               3105170000000068295         K000000000000000000000000000000000000000000000000000000000000000000000000000000000000006595000000000000000000000000000                          H50000000020170511                                                          000057
1            A38RBW000002                      172033026                                                    061005170000003302COMPE               3105170000000088350         K000000000000000000000000000000000000000000000000000000000000000000000000000000000000008500000000000000000000000000000                          H50000000020170511                                                          000058
1            A38RC0000002                      172033468                                                    061005170000003346COMPE               3105170000000074980         K000000000000000000000000000000000000000000000000000000000000000000000000000000000000007230000000000000000000000000000                          H50000000020170511                                                          000059
1            A38RCN000002                      172034014                                                    061005170000003401COMPE               3105170000000088350         K000000000000000000000000000000000000000000000000000000000000000000000000000000000000008500000000000000000000000000000                          H50000000020170511                                                          000060
1            A38RD7000002                      172034340                                                    061005170000003434COMPE               3105170000000068295         K000000000000000000000000000000000000000000000000000000000000000000000000000000000000006595000000000000000000000000000                          H50000000020170511                                                          000061
1            A38RBI000002                      172035002                                                    061005170000003500COMPE               3105170000000054925         K000000000000000000000000000000000000000000000000000000000000000000000000000000000000005325000000000000000000000000000                          H50000000020170511                                                          000062
1            A39K53000002                      172035665                                                    061005170000003566COMPE               3105170000000074980         K000000000000000000000000000000000000000000000000000000000000000000000000000000000000007230000000000000000000000000000                          H50000000020170511                                                          000063
1            A38RDL000002                      172036211                                                    061005170000003621COMPE               3105170000000074980         K000000000000000000000000000000000000000000000000000000000000000000000000000000000000007230000000000000000000000000000                          H50000000020170511                                                          000064
1            A39K59000002                      172036874                                                    061005170000003687COMPE               3105170000000064953         K000000000000000000000000000000000000000000000000000000000000000000000000000000000000006277500000000000000000000000000                          H50000000020170511                                                          000065
1            A39K5C000002                      172037536                                                    061005170000003753COMPE               3105170000000068295         K000000000000000000000000000000000000000000000000000000000000000000000000000000000000006595000000000000000000000000000                          H50000000020170511                                                          000066
1            A39K5D000001                      172037641                                                    061005170000003764COMPE               3105170000000071638         K000000000000000000000000000000000000000000000000000000000000000000000000000000000000006912500000000000000000000000000                          H50000000020170511                                                          000067
1            A38RRS000002                      172037862                                                    061005170000003786COMPE               3105170000000068295         K000000000000000000000000000000000000000000000000000000000000000000000000000000000000006595000000000000000000000000000                          H50000000020170511                                                          000068
1            A39K02000002                      172040391                                                    061005170000004039COMPE               3105170000000063848         K000000000000000000000000000000000000000000000000000000000000000000000000000000000000006140000000000000000000000000000                          H50000000020170511                                                          000069
1            A39NRV000002                      172042882                                                    061005170000004288COMPE               3105170000000069954         K000000000000000000000000000000000000000000000000000000000000000000000000000000000000006720000000000000000000000000000                          H50000000020170511                                                          000070
1            A39KEP000002                      172302507                                                    061005170000030250COMPE               3105170000000098899         K000000000000000000000000000000000000000000000000000000000000000000000000000000000000009520000000000000000000000000000                          H50000000020170511                                                          000071
1            A39KE8000002                      172303708                                                    061005170000030370COMPE               3105170000000084131         K000000000000000000000000000000000000000000000000000000000000000000000000000000000000007992000000000000000000000000000                          H50000000020170511                                                          000072
1            A39K5C000002                      172303805                                                    061005170000030380COMPE               3105170000000127321         K000000000000000000000000000000000000000000000000000000000000000000000000000000000000012220000000000000000000000000000                          H50000000020170511                                                          000073
1            A39KES000002                      172305107                                                    061005170000030510COMPE               3105170000000110268         K000000000000000000000000000000000000000000000000000000000000000000000000000000000000010600000000000000000000000000000                          H50000000020170511                                                          000074
1            A39KE9000002                      172306103                                                    061005170000030610COMPE               3105170000000115952         K000000000000000000000000000000000000000000000000000000000000000000000000000000000000011140000000000000000000000000000                          H50000000020170511                                                          000075
1            A39KEN000002                      172306502                                                    061005170000030650COMPE               3105170000000081845         K000000000000000000000000000000000000000000000000000000000000000000000000000000000000007900000000000000000000000000000                          H50000000020170511                                                          000076
1            A39KF0000002                      172310100                                                    061005170000031010COMPE               3105170000000110268         K000000000000000000000000000000000000000000000000000000000000000000000000000000000000010606800000000000000000000000000                          H50000000020170511                                                          000077
1            A39KDY000002                      172312286                                                    061005170000031228COMPE               3105170000000041555         K000000000000000000000000000000000000000000000000000000000000000000000000000000000000004055000000000000000000000000000                          H50000000020170511                                                          000078
1            A39KEO000002                      172313720                                                    061005170000031372COMPE               3105170000000068214         K000000000000000000000000000000000000000000000000000000000000000000000000000000000000006480000000000000000000000000000                          H50000000020170511                                                          000079
1            A39K14000002                      172006401                                                    281005170000000640                    3105170000000057742         K000000000011500000000000000000000000000000000000000000000000000000000000000000000000000011500000000000000000000000000                          B30000000020170510                                                          000080
1            A39K3L000002                      172018825                                                    281005170000001882                    3004170000000063848         K000000000011500000000000000000000000000000000000000000000000000000000000000000000000000011500000000000000000000000000                          B30000000020170510                                                          000081
1            A38RC1000002                      172033573                                                    281005170000003357                    3105170000000074980         K000000000011500000000000000000000000000000000000000000000000000000000000000000000000000011500000000000000000000000000                          B30000000020170510                                                          000082
1            A38R9Z000002                      172024116                                                    281005170000002411                    3105170000000045530         K000000000011500000000000000000000000000000000000000000000000000000000000000000000000000011500000000000000000000000000                          B30000000020170510                                                          000083
1            A38RSL000002                      172021990                                                    281005170000002199                    2802170000000015000         K000000000011500000000000000000000000000000000000000000000000000000000000000000000000000011500000000000000000000000000                          B30000000020170510                                                          000084
1            A38RSL000002                      172022008                                                    281005170000002200                    3103170000000015000         K000000000011500000000000000000000000000000000000000000000000000000000000000000000000000011500000000000000000000000000                          B30000000020170510                                                          000085
1            A38RDF000002                      172030167                                                    281005170000003016                    3105170000000071638         K000000000011500000000000000000000000000000000000000000000000000000000000000000000000000011500000000000000000000000000                          B30000000020170510                                                          000086
1            A39K1T000002                      172040944                                                    281005170000004094                    3105170000000048848         K000000000011500000000000000000000000000000000000000000000000000000000000000000000000000011500000000000000000000000000                          B30000000020170510                                                          000087
1            A38RA5000002                      172021133                                                    281005170000002113                    3004170000000060795         K000000000011500000000000000000000000000000000000000000000000000000000000000000000000000011500000000000000000000000000                          B30000000020170510                                                          000088
1            A39JZW000002                      172000799                                                    281005170000000079                    3105170000000057742         K000000000011500000000000000000000000000000000000000000000000000000000000000000000000000011500000000000000000000000000                          B30000000020170510                                                          000089
1            A39K07000002                      172002333                                                    281005170000000233                    3105170000000057742         K000000000011500000000000000000000000000000000000000000000000000000000000000000000000000011500000000000000000000000000                          B30000000020170510                                                          000090
1            A39K0A000002                      172002775                                                    281005170000000277                    3105170000000060795         K000000000011500000000000000000000000000000000000000000000000000000000000000000000000000011500000000000000000000000000                          B30000000020170510                                                          000091
1            A38RBJ000002                      172003100                                                    281005170000000310                    3105170000000057742         K000000000011500000000000000000000000000000000000000000000000000000000000000000000000000011500000000000000000000000000                          B30000000020170510                                                          000092
1            A39K0F000002                      172003437                                                    281005170000000343                    3105170000000033318         K000000000011500000000000000000000000000000000000000000000000000000000000000000000000000011500000000000000000000000000                          B30000000020170510                                                          000093
1            A39K0I000002                      172003763                                                    281005170000000376                    3105170000000060795         K000000000011500000000000000000000000000000000000000000000000000000000000000000000000000011500000000000000000000000000                          B30000000020170510                                                          000094
1            A39K0M000002                      172004310                                                    281005170000000431                    3105170000000060795         K000000000011500000000000000000000000000000000000000000000000000000000000000000000000000011500000000000000000000000000                          B30000000020170510                                                          000095
1            A39K0T000002                      172005197                                                    281005170000000519                    3105170000000045530         K000000000011500000000000000000000000000000000000000000000000000000000000000000000000000011500000000000000000000000000                          B30000000020170510                                                          000096
1            A39K0Y000002                      172005740                                                    281005170000000574                    3105170000000063848         K000000000011500000000000000000000000000000000000000000000000000000000000000000000000000011500000000000000000000000000                          B30000000020170510                                                          000097
1            A39K12000002                      172006185                                                    281005170000000618                    3105170000000057742         K000000000011500000000000000000000000000000000000000000000000000000000000000000000000000011500000000000000000000000000                          B30000000020170510                                                          000098
1            A39K13000002                      172006290                                                    281005170000000629                    3105170000000045530         K000000000011500000000000000000000000000000000000000000000000000000000000000000000000000011500000000000000000000000000                          B30000000020170510                                                          000099
1            A39K1G000002                      172008161                                                    281005170000000816                    3105170000000076060         K000000000011500000000000000000000000000000000000000000000000000000000000000000000000000011500000000000000000000000000                          B30000000020170510                                                          000100
1            A39K1J000002                      172008498                                                    281005170000000849                    3105170000000063848         K000000000011500000000000000000000000000000000000000000000000000000000000000000000000000011500000000000000000000000000                          B30000000020170510                                                          000101
1            A39K1O000002                      172009150                                                    281005170000000915                    3105170000000015000         K000000000011500000000000000000000000000000000000000000000000000000000000000000000000000011500000000000000000000000000                          B30000000020170510                                                          000102
1            A39K1Q000002                      172009370                                                    281005170000000937                    3105170000000076060         K000000000011500000000000000000000000000000000000000000000000000000000000000000000000000011500000000000000000000000000                          B30000000020170510                                                          000103
1            A39K1W000002                      172010140                                                    281005170000001014                    3105170000000057742         K000000000011500000000000000000000000000000000000000000000000000000000000000000000000000011500000000000000000000000000                          B30000000020170510                                                          000104
1            A39K1Z000002                      172010581                                                    281005170000001058                    3105170000000060795         K000000000011500000000000000000000000000000000000000000000000000000000000000000000000000011500000000000000000000000000                          B30000000020170510                                                          000105
1            A39K21000001                      172011022                                                    281005170000001102                    3105170000000063848         K000000000011500000000000000000000000000000000000000000000000000000000000000000000000000011500000000000000000000000000                          B30000000020170510                                                          000106
1            A39K25000002                      172011685                                                    281005170000001168                    3105170000000045530         K000000000011500000000000000000000000000000000000000000000000000000000000000000000000000011500000000000000000000000000                          B30000000020170510                                                          000107
1            A39K27000002                      172011901                                                    281005170000001190                    3105170000000063848         K000000000011500000000000000000000000000000000000000000000000000000000000000000000000000011500000000000000000000000000                          B30000000020170510                                                          000108
1            A39K2A000002                      172012231                                                    281005170000001223                    3105170000000045530         K000000000011500000000000000000000000000000000000000000000000000000000000000000000000000011500000000000000000000000000                          B30000000020170510                                                          000109
1            A39K2C000002                      172012452                                                    281005170000001245                    3105170000000030265         K000000000011500000000000000000000000000000000000000000000000000000000000000000000000000011500000000000000000000000000                          B30000000020170510                                                          000110
1            A39K2D000002                      172012568                                                    281005170000001256                    3105170000000030265         K000000000011500000000000000000000000000000000000000000000000000000000000000000000000000011500000000000000000000000000                          B30000000020170510                                                          000111
1            A39K2J000002                      172013220                                                    281005170000001322                    3105170000000057742         K000000000011500000000000000000000000000000000000000000000000000000000000000000000000000011500000000000000000000000000                          B30000000020170510                                                          000112
1            A39K2V000002                      172014870                                                    281005170000001487                    3105170000000060795         K000000000011500000000000000000000000000000000000000000000000000000000000000000000000000011500000000000000000000000000                          B30000000020170510                                                          000113
1            A39K39000002                      172016741                                                    281005170000001674                    3105170000000045530         K000000000011500000000000000000000000000000000000000000000000000000000000000000000000000011500000000000000000000000000                          B30000000020170510                                                          000114
1            A39K3D000002                      172017187                                                    281005170000001718                    3105170000000063848         K000000000011500000000000000000000000000000000000000000000000000000000000000000000000000011500000000000000000000000000                          B30000000020170510                                                          000115
1            A39K3K000002                      172018728                                                    281005170000001872                    3105170000000051636         K000000000011500000000000000000000000000000000000000000000000000000000000000000000000000011500000000000000000000000000                          B30000000020170510                                                          000116
1            A39K3P000001                      172020048                                                    281005170000002004                    3105170000000076060         K000000000011500000000000000000000000000000000000000000000000000000000000000000000000000011500000000000000000000000000                          B30000000020170510                                                          000117
1            A38RBB000002                      172023128                                                    281005170000002312                    3105170000000045530         K000000000011500000000000000000000000000000000000000000000000000000000000000000000000000011500000000000000000000000000                          B30000000020170510                                                          000118
1            A38RAU000002                      172023896                                                    281005170000002389                    3105170000000063848         K000000000011500000000000000000000000000000000000000000000000000000000000000000000000000011500000000000000000000000000                          B30000000020170510                                                          000119
1            A38RA2000002                      172024337                                                    281005170000002433                    3105170000000060795         K000000000011500000000000000000000000000000000000000000000000000000000000000000000000000011500000000000000000000000000                          B30000000020170510                                                          000120
1            A38RAV000002                      172024663                                                    281005170000002466                    3105170000000057742         K000000000011500000000000000000000000000000000000000000000000000000000000000000000000000011500000000000000000000000000                          B30000000020170510                                                          000121
1            A38RMC000002                      172027638                                                    281005170000002763                    3105170000000045530         K000000000011500000000000000000000000000000000000000000000000000000000000000000000000000011500000000000000000000000000                          B30000000020170510                                                          000122
1            A38RBG000002                      172027964                                                    281005170000002796                    3105170000000045530         K000000000011500000000000000000000000000000000000000000000000000000000000000000000000000011500000000000000000000000000                          B30000000020170510                                                          000123
1            A38RBH000002                      172028073                                                    281005170000002807                    3105170000000066901         K000000000011500000000000000000000000000000000000000000000000000000000000000000000000000011500000000000000000000000000                          B30000000020170510                                                          000124
1            A38RA4000002                      172028189                                                    281005170000002818                    3105170000000063848         K000000000011500000000000000000000000000000000000000000000000000000000000000000000000000011500000000000000000000000000                          B30000000020170510                                                          000125
1            A38RD9000002                      172028294                                                    281005170000002829                    3105170000000071638         K000000000011500000000000000000000000000000000000000000000000000000000000000000000000000011500000000000000000000000000                          B30000000020170510                                                          000126
1            A38RT8000002                      172028405                                                    281005170000002840                    3105170000000021500         K000000000011500000000000000000000000000000000000000000000000000000000000000000000000000011500000000000000000000000000                          B30000000020170510                                                          000127
1            A38RBJ000002                      172028626                                                    281005170000002862                    3105170000000054925         K000000000011500000000000000000000000000000000000000000000000000000000000000000000000000011500000000000000000000000000                          B30000000020170510                                                          000128
1            A38RCS000002                      172029282                                                    281005170000002928                    3105170000000071638         K000000000011500000000000000000000000000000000000000000000000000000000000000000000000000011500000000000000000000000000                          B30000000020170510                                                          000129
1            A39K4L000002                      172029398                                                    281005170000002939                    3105170000000058268         K000000000011500000000000000000000000000000000000000000000000000000000000000000000000000011500000000000000000000000000                          B30000000020170510                                                          000130
1            A38RBN000001                      172030272                                                    281005170000003027                    3105170000000078323         K000000000011500000000000000000000000000000000000000000000000000000000000000000000000000011500000000000000000000000000                          B30000000020170510                                                          000131
1            A38RDK000002                      172030710                                                    281005170000003071                    3105170000000074980         K000000000011500000000000000000000000000000000000000000000000000000000000000000000000000011500000000000000000000000000                          B30000000020170510                                                          000132
1            A39K4O000002                      172031040                                                    281005170000003104                    3105170000000041555         K000000000011500000000000000000000000000000000000000000000000000000000000000000000000000011500000000000000000000000000                          B30000000020170510                                                          000133
1            A38RBS000001                      172031481                                                    281005170000003148                    3105170000000061610         K000000000011500000000000000000000000000000000000000000000000000000000000000000000000000011500000000000000000000000000                          B30000000020170510                                                          000134
1            A39K4R000002                      172031708                                                    281005170000003170                    3105170000000068295         K000000000011500000000000000000000000000000000000000000000000000000000000000000000000000011500000000000000000000000000                          B30000000020170510                                                          000135
1            A38RBW000002                      172033026                                                    281005170000003302                    3105170000000088350         K000000000011500000000000000000000000000000000000000000000000000000000000000000000000000011500000000000000000000000000                          B30000000020170510                                                          000136
1            A38RC0000002                      172033468                                                    281005170000003346                    3105170000000074980         K000000000011500000000000000000000000000000000000000000000000000000000000000000000000000011500000000000000000000000000                          B30000000020170510                                                          000137
1            A38RCN000002                      172034014                                                    281005170000003401                    3105170000000088350         K000000000011500000000000000000000000000000000000000000000000000000000000000000000000000011500000000000000000000000000                          B30000000020170510                                                          000138
1            A38RD7000002                      172034340                                                    281005170000003434                    3105170000000068295         K000000000011500000000000000000000000000000000000000000000000000000000000000000000000000011500000000000000000000000000                          B30000000020170510                                                          000139
1            A38RBI000002                      172035002                                                    281005170000003500                    3105170000000054925         K000000000011500000000000000000000000000000000000000000000000000000000000000000000000000011500000000000000000000000000                          B30000000020170510                                                          000140
1            A39K53000002                      172035665                                                    281005170000003566                    3105170000000074980         K000000000011500000000000000000000000000000000000000000000000000000000000000000000000000011500000000000000000000000000                          B30000000020170510                                                          000141
1            A38RDL000002                      172036211                                                    281005170000003621                    3105170000000074980         K000000000011500000000000000000000000000000000000000000000000000000000000000000000000000011500000000000000000000000000                          B30000000020170510                                                          000142
1            A39K59000002                      172036874                                                    281005170000003687                    3105170000000064953         K000000000011500000000000000000000000000000000000000000000000000000000000000000000000000011500000000000000000000000000                          B30000000020170510                                                          000143
1            A39K5C000002                      172037536                                                    281005170000003753                    3105170000000068295         K000000000011500000000000000000000000000000000000000000000000000000000000000000000000000011500000000000000000000000000                          B30000000020170510                                                          000144
1            A39K5D000001                      172037641                                                    281005170000003764                    3105170000000071638         K000000000011500000000000000000000000000000000000000000000000000000000000000000000000000011500000000000000000000000000                          B30000000020170510                                                          000145
1            A38RRS000002                      172037862                                                    281005170000003786                    3105170000000068295         K000000000011500000000000000000000000000000000000000000000000000000000000000000000000000011500000000000000000000000000                          B30000000020170510                                                          000146
1            A39K02000002                      172040391                                                    281005170000004039                    3105170000000063848         K000000000011500000000000000000000000000000000000000000000000000000000000000000000000000011500000000000000000000000000                          B30000000020170510                                                          000147
1            A39NRV000002                      172042882                                                    281005170000004288                    3105170000000069954         K000000000011500000000000000000000000000000000000000000000000000000000000000000000000000011500000000000000000000000000                          B30000000020170510                                                          000148
1            A39KEP000002                      172302507                                                    281005170000030250                    3105170000000098899         K000000000011500000000000000000000000000000000000000000000000000000000000000000000000000011500000000000000000000000000                          B30000000020170510                                                          000149
1            A39KE8000002                      172303708                                                    281005170000030370                    3105170000000084131         K000000000011500000000000000000000000000000000000000000000000000000000000000000000000000011500000000000000000000000000                          B30000000020170510                                                          000150
1            A39K5C000002                      172303805                                                    281005170000030380                    3105170000000127321         K000000000011500000000000000000000000000000000000000000000000000000000000000000000000000011500000000000000000000000000                          B30000000020170510                                                          000151
1            A39KES000002                      172305107                                                    281005170000030510                    3105170000000110268         K000000000011500000000000000000000000000000000000000000000000000000000000000000000000000011500000000000000000000000000                          B30000000020170510                                                          000152
1            A39KE9000002                      172306103                                                    281005170000030610                    3105170000000115952         K000000000011500000000000000000000000000000000000000000000000000000000000000000000000000011500000000000000000000000000                          B30000000020170510                                                          000153
1            A39KEN000002                      172306502                                                    281005170000030650                    3105170000000081845         K000000000011500000000000000000000000000000000000000000000000000000000000000000000000000011500000000000000000000000000                          B30000000020170510                                                          000154
1            A39KF0000002                      172310100                                                    281005170000031010                    3105170000000110268         K000000000011500000000000000000000000000000000000000000000000000000000000000000000000000011500000000000000000000000000                          B30000000020170510                                                          000155
1            A39KDY000002                      172312286                                                    281005170000031228                    3105170000000041555         K000000000011500000000000000000000000000000000000000000000000000000000000000000000000000011500000000000000000000000000                          B30000000020170510                                                          000156
1            A39KEO000002                      172313720                                                    281005170000031372                    3105170000000068214         K000000000011500000000000000000000000000000000000000000000000000000000000000000000000000011500000000000000000000000000                          B30000000020170510                                                          000157
1            C0000000000                       172307509                                                    06100517          090316                    0000000085268                                                              00000000000000000000004268000000008100000000000000000000000000000                          00        20170511                                                          000158
1            C0000000000                       172307509                                                    28100517          090316                    0000000000115                                                              00000000000000000000004268000000008100000000000000000000000000000                          B3        20170510                                                          000159
1            C0000000000                       172305794                                                    06100517          090322                    0000000110268                                                              00000000000000000000004268000000010600000000000000000000000000000                          00        20170511                                                          000160
1            C0000000000                       172305794                                                    28100517          090322                    0000000000115                                                              00000000000000000000004268000000010600000000000000000000000000000                          B3        20170510                                                          000161
1            C0000000000                       172036432                                                    06100517          090312                    0000000054925                                                              00000000000000000000001675000000005325000000000000000000000000000                          00        20170511                                                          000162
1            C0000000000                       172036432                                                    28100517          090312                    0000000000115                                                              00000000000000000000001675000000005325000000000000000000000000000                          B3        20170510                                                          000163
1            C0000000000                       172015630                                                    06100517          090312                    0000000063848                                                              00000000000000000000000000000000006533400000000002100000000001276                          00        20170511                                                          000164
1            C0000000000                       172015630                                                    28100517          090312                    0000000000115                                                              00000000000000000000000000000000006533400000000002100000000001276                          B3        20170510                                                          000165
1            C0000000000                       172015621                                                    06100517          090312                    0000000063848                                                              00000000000000000000000000000000006596400000000008400000000001276                          00        20170511                                                          000166
1            C0000000000                       172015621                                                    28100517          090312                    0000000000115                                                              00000000000000000000000000000000006596400000000008400000000001276                          B3        20170510                                                          000167
1            C0000000000                       172015613                                                    06100517          090312                    0000000063848                                                              00000000000000000000000000000000006661500000000014910000000001276                          00        20170511                                                          000168
1            C0000000000                       172015613                                                    28100517          090312                    0000000000115                                                              00000000000000000000000000000000006661500000000014910000000001276                          B3        20170510                                                          000169
1            C0000000000                       172000900                                                    06100517          COMPE                     0000000060795                                                              00000000000000000000000000000000005850000000000000000000000000000                          H5        20170511                                                          000170
1            C0000000000                       172000900                                                    28100517          COMPE                     0000000000115                                                              00000000000000000000000000000000005850000000000000000000000000000                          B3        20170510                                                          000171
1            C0000000000                       172001345                                                    06100517          COMPE                     0000000060795                                                              00000000000000000000000000000000005850000000000000000000000000000                          H5        20170511                                                          000172
1            C0000000000                       172001345                                                    28100517          COMPE                     0000000000115                                                              00000000000000000000000000000000005850000000000000000000000000000                          B3        20170510                                                          000173
1            C0000000000                       172007394                                                    06100517          COMPE                     0000000045530                                                              00000000000000000000000000000000004400000000000000000000000000000                          H5        20170511                                                          000174
1            C0000000000                       172007394                                                    28100517          COMPE                     0000000000115                                                              00000000000000000000000000000000004400000000000000000000000000000                          B3        20170510                                                          000175
1            C0000000000                       172009044                                                    06100517          COMPE                     0000000015000                                                              00000000000000000000000000000000001500000000000000000000000000000                          H5        20170511                                                          000176
1            C0000000000                       172009044                                                    28100517          COMPE                     0000000000115                                                              00000000000000000000000000000000001500000000000000000000000000000                          B3        20170510                                                          000177
1            C0000000000                       172010034                                                    06100517          COMPE                     0000000063848                                                              00000000000000000000000000000000006140000000000000000000000000000                          H5        20170511                                                          000178
1            C0000000000                       172010034                                                    28100517          COMPE                     0000000000115                                                              00000000000000000000000000000000006140000000000000000000000000000                          B3        20170510                                                          000179
1            C0000000000                       172010913                                                    06100517          COMPE                     0000000063848                                                              00000000000000000000000000000000006140000000000000000000000000000                          H5        20170511                                                          000180
1            C0000000000                       172010913                                                    28100517          COMPE                     0000000000115                                                              00000000000000000000000000000000006140000000000000000000000000000                          B3        20170510                                                          000181
1            C0000000000                       172036327                                                    06100517          COMPE                     0000000074980                                                              00000000000000000000000000000000007230000000000000000000000000000                          H5        20170511                                                          000182
1            C0000000000                       172036327                                                    28100517          COMPE                     0000000000115                                                              00000000000000000000000000000000007230000000000000000000000000000                          B3        20170510                                                          000183
1            C0000000000                       172042572                                                    06100517          COMPE                     0000000045530                                                              00000000000000000000000000000000004400000000000000000000000000000                          H5        20170511                                                          000184
1            C0000000000                       172042572                                                    28100517          COMPE                     0000000000115                                                              00000000000000000000000000000000004400000000000000000000000000000                          B3        20170510                                                          000185
1            C0000000000                       172314416                                                    06100517          COMPE                     0000000127321                                                              00000000000000000000000000000000012220000000000000000000000000000                          H5        20170511                                                          000186
1            C0000000000                       172314416                                                    28100517          COMPE                     0000000000115                                                              00000000000000000000000000000000012220000000000000000000000000000                          B3        20170510                                                          000187
1            C0000000000                       172315412                                                    06100517          COMPE                     0000000073899                                                              00000000000000000000000000000000007020000000000000000000000000000                          H5        20170511                                                          000188
1            C0000000000                       172315412                                                    28100517          COMPE                     0000000000115                                                              00000000000000000000000000000000007020000000000000000000000000000                          B3        20170510                                                          000189
9274826431                                                                                                                                                                                                                                                                                                                                                                                                000190
