02RETORNO01COBRANCA       2643103361110000177                               748BANSICREDI     20170605        0000173                                                                                                                                                                                                                                                                                 1.00000001
1            A39KE3000002                      172309625                                                    060206170000030962091405              3006170000000127321         K000000000000000000000000000000000000000000000000000000000000000000000000005121000000012220000000000000000000000000000                          000000000020170605                                                          000002
1            A39K4X000002                      172033913                                                    060206170000003391090302              3006170000000061610         K000000000000000000000000000000000000000000000000000000000000020100000000000000000000005960000000000000000000000000000                          000000000020170605                                                          000003
1            A39K0G000002                      172003550                                                    060206170000000355COMPE               3006170000000060795         K000000000000000000000000000000000000000000000000000000000000000000000000000000000000005850000000000000000000000000000                          H50000000020170605                                                          000004
1            A39K1P000002                      172009273                                                    060206170000000927COMPE               3006170000000063848         K000000000000000000000000000000000000000000000000000000000000000000000000000000000000006140000000000000000000000000000                          H50000000020170605                                                          000005
1            A38RSO000002                      172020161                                                    060206170000002016COMPE               3006170000000015000         K000000000000000000000000000000000000000000000000000000000000000000000000000000000000001500000000000000000000000000000                          H50000000020170605                                                          000006
1            A38RAK000002                      172022806                                                    060206170000002280COMPE               3006170000000060795         K000000000000000000000000000000000000000000000000000000000000000000000000000000000000005850000000000000000000000000000                          H50000000020170605                                                          000007
1            A38RBA000002                      172027530                                                    060206170000002753COMPE               3006170000000033318         K000000000000000000000000000000000000000000000000000000000000000000000000000000000000003240000000000000000000000000000                          H50000000020170605                                                          000008
1            A39K4M000002                      172029959                                                    060206170000002995COMPE               3006170000000078323         K000000000000000000000000000000000000000000000000000000000000000000000000000000000000007547500000000000000000000000000                          H50000000020170605                                                          000009
1            A38RDH000001                      172311280                                                    060206170000031128COMPE               3006170000000074980         K000000000000000000000000000000000000000000000000000000000000000000000000000000000000007230000000000000000000000000000                          H50000000020170605                                                          000010
1            A39KE3000002                      172309625                                                    280206170000030962                    3006170000000127321         K000000000011500000000000000000000000000000000000000000000000000000000000000000000000000011500000000000000000000000000                          B30000000020170602                                                          000011
1            A39K4X000002                      172033913                                                    280206170000003391                    3006170000000061610         K000000000011500000000000000000000000000000000000000000000000000000000000000000000000000011500000000000000000000000000                          B30000000020170602                                                          000012
1            A39K0G000002                      172003550                                                    280206170000000355                    3006170000000060795         K000000000011500000000000000000000000000000000000000000000000000000000000000000000000000011500000000000000000000000000                          B30000000020170602                                                          000013
1            A39K1P000002                      172009273                                                    280206170000000927                    3006170000000063848         K000000000011500000000000000000000000000000000000000000000000000000000000000000000000000011500000000000000000000000000                          B30000000020170602                                                          000014
1            A38RSO000002                      172020161                                                    280206170000002016                    3006170000000015000         K000000000011500000000000000000000000000000000000000000000000000000000000000000000000000011500000000000000000000000000                          B30000000020170602                                                          000015
1            A38RAK000002                      172022806                                                    280206170000002280                    3006170000000060795         K000000000011500000000000000000000000000000000000000000000000000000000000000000000000000011500000000000000000000000000                          B30000000020170602                                                          000016
1            A38RBA000002                      172027530                                                    280206170000002753                    3006170000000033318         K000000000011500000000000000000000000000000000000000000000000000000000000000000000000000011500000000000000000000000000                          B30000000020170602                                                          000017
1            A39K4M000002                      172029959                                                    280206170000002995                    3006170000000078323         K000000000011500000000000000000000000000000000000000000000000000000000000000000000000000011500000000000000000000000000                          B30000000020170602                                                          000018
1            A38RDH000001                      172311280                                                    280206170000031128                    3006170000000074980         K000000000011500000000000000000000000000000000000000000000000000000000000000000000000000011500000000000000000000000000                          B30000000020170602                                                          000019
1            C0000000000                       172307290                                                    06020617          090202                    0000000115952                                                              00000000000000000000000000000000011599900000000000240000000000023                          00        20170605                                                          000020
1            C0000000000                       172307290                                                    28020617          090202                    0000000000115                                                              00000000000000000000000000000000011599900000000000240000000000023                          B3        20170602                                                          000021
1            C0000000000                       172018957                                                    06020617          COMPE                     0000000066901                                                              00000000000000000000000000000000006430000000000000000000000000000                          H5        20170605                                                          000022
1            C0000000000                       172018957                                                    28020617          COMPE                     0000000000115                                                              00000000000000000000000000000000006430000000000000000000000000000                          B3        20170602                                                          000023
9274826431                                                                                                                                                                                                                                                                                                                                                                                                000024
