02RETORNO01COBRANCA       2643103361110000177                               748BANSICREDI     20170411        0000140                                                                                                                                                                                                                                                                                 1.00000001
1            A39K14000002                      172006398                                                    061004170000000639090302              3004170000000057742         K000000000000000000000000000000000000000000000000000000000000000000000000002142000000005560000000000000000000000000000                          000000000020170411                                                          000002
1            A39KE6000002                      172305590                                                    061004170000030559090312              3004170000000110268         K000000000000000000000000000000000000000000000000000000000000000000000000004268000000010600000000000000000000000000000                          000000000020170411                                                          000003
1            A39K3L000002                      172018817                                                    061004170000001881090302              3103170000000063848         K000000000000000000000000000000000000000000000000000000000000000000000000000000000000006531500000000001920000000001276                          000000000020170411                                                          000004
1            A39K4W000002                      172032895                                                    061004170000003289090316              3103170000000068295         K000000000000000000000000000000000000000000000000000000000000000000000000000000000000006969000000000000300000000001365                          000000000020170411                                                          000005
1            A39K3A000002                      172016849                                                    061004170000001684090318              3004170000000076060         K000000000000000000000000000000000000000000000000000000000000030600000000000000000000007300000000000000000000000000000                          000000000020170411                                                          000006
1            A38RAM000002                      172022890                                                    061004170000002289090316              3004170000000076060         K000000000000000000000000000000000000000000000000000000000000030600000000000000000000007300000000000000000000000000000                          000000000020170411                                                          000007
1            A39K02000002                      172040383                                                    061004170000004038090302              3004170000000063848         K000000000000000000000000000000000000000000000000000000000000000000000000002448000000006140000000000000000000000000000                          000000000020170411                                                          000008
1            A39KF2000002                      172308980                                                    061004170000030898090312              3004170000000110268         K000000000000000000000000000000000000000000000000000000000000000000000000004268000000010600000000000000000000000000000                          000000000020170411                                                          000009
1            A39JZW000002                      172000780                                                    061004170000000078COMPE               3004170000000057742         K000000000000000000000000000000000000000000000000000000000000000000000000000000000000005560000000000000000000000000000                          H50000000020170411                                                          000010
1            A39JZY000002                      172001116                                                    061004170000000111COMPE               3004170000000054689         K000000000000000000000000000000000000000000000000000000000000000000000000000000000000005270000000000000000000000000000                          H50000000020170411                                                          000011
1            A39K00000002                      172001558                                                    061004170000000155COMPE               3004170000000051636         K000000000000000000000000000000000000000000000000000000000000000000000000000000000000004980000000000000000000000000000                          H50000000020170411                                                          000012
1            A39K07000002                      172002325                                                    061004170000000232COMPE               3004170000000057742         K000000000000000000000000000000000000000000000000000000000000000000000000000000000000005560000000000000000000000000000                          H50000000020170411                                                          000013
1            A38RBJ000002                      172003097                                                    061004170000000309COMPE               3004170000000057742         K000000000000000000000000000000000000000000000000000000000000000000000000000000000000005560000000000000000000000000000                          H50000000020170411                                                          000014
1            A39K0E000002                      172003313                                                    061004170000000331COMPE               3004170000000060795         K000000000000000000000000000000000000000000000000000000000000000000000000000000000000005850000000000000000000000000000                          H50000000020170411                                                          000015
1            A39K0F000002                      172003429                                                    061004170000000342COMPE               3004170000000033318         K000000000000000000000000000000000000000000000000000000000000000000000000000000000000003240000000000000000000000000000                          H50000000020170411                                                          000016
1            A39K0G000002                      172003534                                                    061004170000000353COMPE               3004170000000060795         K000000000000000000000000000000000000000000000000000000000000000000000000000000000000005850000000000000000000000000000                          H50000000020170411                                                          000017
1            A39K0I000002                      172003755                                                    061004170000000375COMPE               3004170000000060795         K000000000000000000000000000000000000000000000000000000000000000000000000000000000000005850000000000000000000000000000                          H50000000020170411                                                          000018
1            A39K0K000002                      172003976                                                    061004170000000397COMPE               3004170000000060795         K000000000000000000000000000000000000000000000000000000000000000000000000000000000000005850000000000000000000000000000                          H50000000020170411                                                          000019
1            A39K0M000002                      172004301                                                    061004170000000430COMPE               3004170000000060795         K000000000000000000000000000000000000000000000000000000000000000000000000000000000000005850000000000000000000000000000                          H50000000020170411                                                          000020
1            A39K0T000002                      172005189                                                    061004170000000518COMPE               3004170000000045530         K000000000000000000000000000000000000000000000000000000000000000000000000000000000000004400000000000000000000000000000                          H50000000020170411                                                          000021
1            A39K12000002                      172006177                                                    061004170000000617COMPE               3004170000000057742         K000000000000000000000000000000000000000000000000000000000000000000000000000000000000005560000000000000000000000000000                          H50000000020170411                                                          000022
1            A39K13000002                      172006282                                                    061004170000000628COMPE               3004170000000045530         K000000000000000000000000000000000000000000000000000000000000000000000000000000000000004400000000000000000000000000000                          H50000000020170411                                                          000023
1            A39K17000002                      172006835                                                    061004170000000683COMPE               3004170000000051636         K000000000000000000000000000000000000000000000000000000000000000000000000000000000000004980000000000000000000000000000                          H50000000020170411                                                          000024
1            A39K1G000002                      172008153                                                    061004170000000815COMPE               3004170000000076060         K000000000000000000000000000000000000000000000000000000000000000000000000000000000000007306000000000000000000000000000                          H50000000020170411                                                          000025
1            A39K1J000002                      172008480                                                    061004170000000848COMPE               3004170000000063848         K000000000000000000000000000000000000000000000000000000000000000000000000000000000000006140000000000000000000000000000                          H50000000020170411                                                          000026
1            A39K1K000002                      172008595                                                    061004170000000859COMPE               3004170000000063848         K000000000000000000000000000000000000000000000000000000000000000000000000000000000000006140000000000000000000000000000                          H50000000020170411                                                          000027
1            A39K1O000002                      172009141                                                    061004170000000914COMPE               3004170000000015000         K000000000000000000000000000000000000000000000000000000000000000000000000000000000000001500000000000000000000000000000                          H50000000020170411                                                          000028
1            A39K1Q000002                      172009362                                                    061004170000000936COMPE               3004170000000076060         K000000000000000000000000000000000000000000000000000000000000000000000000000000000000007300000000000000000000000000000                          H50000000020170411                                                          000029
1            A39K1R000002                      172009478                                                    061004170000000947COMPE               3004170000000054689         K000000000000000000000000000000000000000000000000000000000000000000000000000000000000005270000000000000000000000000000                          H50000000020170411                                                          000030
1            A39K1W000002                      172010131                                                    061004170000001013COMPE               3004170000000057742         K000000000000000000000000000000000000000000000000000000000000000000000000000000000000005560000000000000000000000000000                          H50000000020170411                                                          000031
1            A39K1Z000002                      172010573                                                    061004170000001057COMPE               3004170000000060795         K000000000000000000000000000000000000000000000000000000000000000000000000000000000000005850000000000000000000000000000                          H50000000020170411                                                          000032
1            A39K21000001                      172011014                                                    061004170000001101COMPE               3004170000000063848         K000000000000000000000000000000000000000000000000000000000000000000000000000000000000006140000000000000000000000000000                          H50000000020170411                                                          000033
1            A39K25000002                      172011677                                                    061004170000001167COMPE               3004170000000045530         K000000000000000000000000000000000000000000000000000000000000000000000000000000000000004400000000000000000000000000000                          H50000000020170411                                                          000034
1            A39K27000002                      172011898                                                    061004170000001189COMPE               3004170000000063848         K000000000000000000000000000000000000000000000000000000000000000000000000000000000000006140000000000000000000000000000                          H50000000020170411                                                          000035
1            A39K2A000002                      172012223                                                    061004170000001222COMPE               3004170000000045530         K000000000000000000000000000000000000000000000000000000000000000000000000000000000000004400000000000000000000000000000                          H50000000020170411                                                          000036
1            A39K2C000002                      172012444                                                    061004170000001244COMPE               3004170000000030265         K000000000000000000000000000000000000000000000000000000000000000000000000000000000000002950000000000000000000000000000                          H50000000020170411                                                          000037
1            A39K2D000002                      172012550                                                    061004170000001255COMPE               3004170000000030265         K000000000000000000000000000000000000000000000000000000000000000000000000000000000000002950000000000000000000000000000                          H50000000020170411                                                          000038
1            A39K2E000002                      172012665                                                    061004170000001266COMPE               3004170000000063848         K000000000000000000000000000000000000000000000000000000000000000000000000000000000000006140000000000000000000000000000                          H50000000020170411                                                          000039
1            A39K2J000002                      172013211                                                    061004170000001321COMPE               3004170000000057742         K000000000000000000000000000000000000000000000000000000000000000000000000000000000000005560000000000000000000000000000                          H50000000020170411                                                          000040
1            A39K2V000002                      172014862                                                    061004170000001486COMPE               3004170000000060795         K000000000000000000000000000000000000000000000000000000000000000000000000000000000000005850000000000000000000000000000                          H50000000020170411                                                          000041
1            A38REG000002                      172016180                                                    061004170000001618COMPE               3004170000000048583         K000000000000000000000000000000000000000000000000000000000000000000000000000000000000004690000000000000000000000000000                          H50000000020170411                                                          000042
1            A39K36000002                      172016407                                                    061004170000001640COMPE               3004170000000066901         K000000000000000000000000000000000000000000000000000000000000000000000000000000000000006430000000000000000000000000000                          H50000000020170411                                                          000043
1            A39K39000002                      172016733                                                    061004170000001673COMPE               3004170000000045530         K000000000000000000000000000000000000000000000000000000000000000000000000000000000000004400000000000000000000000000000                          H50000000020170411                                                          000044
1            A39K3D000002                      172017179                                                    061004170000001717COMPE               3004170000000063848         K000000000000000000000000000000000000000000000000000000000000000000000000000000000000006140000000000000000000000000000                          H50000000020170411                                                          000045
1            A39K3G000002                      172017616                                                    061004170000001761COMPE               3004170000000060795         K000000000000000000000000000000000000000000000000000000000000000000000000000000000000005850000000000000000000000000000                          H50000000020170411                                                          000046
1            A39K3K000002                      172018710                                                    061004170000001871COMPE               3004170000000051636         K000000000000000000000000000000000000000000000000000000000000000000000000000000000000004980000000000000000000000000000                          H50000000020170411                                                          000047
1            A39K3P000001                      172020030                                                    061004170000002003COMPE               3004170000000076060         K000000000000000000000000000000000000000000000000000000000000000000000000000000000000007300000000000000000000000000000                          H50000000020170411                                                          000048
1            A39K3Q000002                      172020250                                                    061004170000002025COMPE               3004170000000051636         K000000000000000000000000000000000000000000000000000000000000000000000000000000000000004980000000000000000000000000000                          H50000000020170411                                                          000049
1            A39K3U000002                      172020803                                                    061004170000002080COMPE               3004170000000045530         K000000000000000000000000000000000000000000000000000000000000000000000000000000000000004553000000000000000000000000000                          H50000000020170411                                                          000050
1            A38RBB000002                      172023110                                                    061004170000002311COMPE               3004170000000045530         K000000000000000000000000000000000000000000000000000000000000000000000000000000000000004400000000000000000000000000000                          H50000000020170411                                                          000051
1            A38RAU000002                      172023888                                                    061004170000002388COMPE               3004170000000063848         K000000000000000000000000000000000000000000000000000000000000000000000000000000000000006140000000000000000000000000000                          H50000000020170411                                                          000052
1            A38RA2000002                      172024329                                                    061004170000002432COMPE               3004170000000060795         K000000000000000000000000000000000000000000000000000000000000000000000000000000000000005850000000000000000000000000000                          H50000000020170411                                                          000053
1            A38RAV000002                      172024655                                                    061004170000002465COMPE               3004170000000057742         K000000000000000000000000000000000000000000000000000000000000000000000000000000000000005560000000000000000000000000000                          H50000000020170411                                                          000054
1            A38RB0000002                      172025643                                                    061004170000002564COMPE               3004170000000060795         K000000000000000000000000000000000000000000000000000000000000000000000000000000000000005850000000000000000000000000000                          H50000000020170411                                                          000055
1            A39K4C000002                      172026747                                                    061004170000002674COMPE               3004170000000039424         K000000000000000000000000000000000000000000000000000000000000000000000000000000000000003942400000000000000000000000000                          H50000000020170411                                                          000056
1            A38RMC000002                      172027620                                                    061004170000002762COMPE               3004170000000045530         K000000000000000000000000000000000000000000000000000000000000000000000000000000000000004400000000000000000000000000000                          H50000000020170411                                                          000057
1            A38RBG000002                      172027956                                                    061004170000002795COMPE               3004170000000045530         K000000000000000000000000000000000000000000000000000000000000000000000000000000000000004400000000000000000000000000000                          H50000000020170411                                                          000058
1            A38RBH000002                      172028065                                                    061004170000002806COMPE               3004170000000066901         K000000000000000000000000000000000000000000000000000000000000000000000000000000000000006430000000000000000000000000000                          H50000000020170411                                                          000059
1            A38RA4000002                      172028170                                                    061004170000002817COMPE               3004170000000063848         K000000000000000000000000000000000000000000000000000000000000000000000000000000000000006140000000000000000000000000000                          H50000000020170411                                                          000060
1            A38RBJ000002                      172028618                                                    061004170000002861COMPE               3004170000000054925         K000000000000000000000000000000000000000000000000000000000000000000000000000000000000005325000000000000000000000000000                          H50000000020170411                                                          000061
1            A38RCS000002                      172029274                                                    061004170000002927COMPE               3004170000000071638         K000000000000000000000000000000000000000000000000000000000000000000000000000000000000006912500000000000000000000000000                          H50000000020170411                                                          000062
1            A39K4L000002                      172029380                                                    061004170000002938COMPE               3004170000000058268         K000000000000000000000000000000000000000000000000000000000000000000000000000000000000005642500000000000000000000000000                          H50000000020170411                                                          000063
1            A38RCT000001                      172029495                                                    061004170000002949COMPE               3004170000000041555         K000000000000000000000000000000000000000000000000000000000000000000000000000000000000004055000000000000000000000000000                          H50000000020170411                                                          000064
1            A38RC8000001                      172029711                                                    061004170000002971COMPE               3004170000000061610         K000000000000000000000000000000000000000000000000000000000000000000000000000000000000005960000000000000000000000000000                          H50000000020170411                                                          000065
1            A38RBN000001                      172030264                                                    061004170000003026COMPE               3004170000000078323         K000000000000000000000000000000000000000000000000000000000000000000000000000000000000007547500000000000000000000000000                          H50000000020170411                                                          000066
1            A38RCB000002                      172030590                                                    061004170000003059COMPE               3004170000000054925         K000000000000000000000000000000000000000000000000000000000000000000000000000000000000005325000000000000000000000000000                          H50000000020170411                                                          000067
1            A39K4O000002                      172031031                                                    061004170000003103COMPE               3004170000000041555         K000000000000000000000000000000000000000000000000000000000000000000000000000000000000004055000000000000000000000000000                          H50000000020170411                                                          000068
1            A38RBS000001                      172031473                                                    061004170000003147COMPE               3004170000000061610         K000000000000000000000000000000000000000000000000000000000000000000000000000000000000005960000000000000000000000000000                          H50000000020170411                                                          000069
1            A39K4R000002                      172031694                                                    061004170000003169COMPE               3004170000000068295         K000000000000000000000000000000000000000000000000000000000000000000000000000000000000006595000000000000000000000000000                          H50000000020170411                                                          000070
1            A38RCI000001                      172032585                                                    061004170000003258COMPE               3105170000000061610         K000000000000000000000000000000000000000000000000000000000000000000000000000000000000005960000000000000000000000000000                          H50000000020170411                                                          000071
1            A38RBW000002                      172033018                                                    061004170000003301COMPE               3004170000000088350         K000000000000000000000000000000000000000000000000000000000000000000000000000000000000008500000000000000000000000000000                          H50000000020170411                                                          000072
1            A38RC0000002                      172033450                                                    061004170000003345COMPE               3004170000000074980         K000000000000000000000000000000000000000000000000000000000000000000000000000000000000007230000000000000000000000000000                          H50000000020170411                                                          000073
1            A38RD7000002                      172034332                                                    061004170000003433COMPE               3004170000000068295         K000000000000000000000000000000000000000000000000000000000000000000000000000000000000006595000000000000000000000000000                          H50000000020170411                                                          000074
1            A38RRT000002                      172034448                                                    061004170000003444COMPE               3004170000000088350         K000000000000000000000000000000000000000000000000000000000000000000000000000000000000008500000000000000000000000000000                          H50000000020170411                                                          000075
1            A39K53000002                      172035657                                                    061004170000003565COMPE               3004170000000074980         K000000000000000000000000000000000000000000000000000000000000000000000000000000000000007230000000000000000000000000000                          H50000000020170411                                                          000076
1            A38RDL000002                      172036203                                                    061004170000003620COMPE               3004170000000074980         K000000000000000000000000000000000000000000000000000000000000000000000000000000000000007230000000000000000000000000000                          H50000000020170411                                                          000077
1            A39K5C000002                      172037528                                                    061004170000003752COMPE               3004170000000068295         K000000000000000000000000000000000000000000000000000000000000000000000000000000000000006595000000000000000000000000000                          H50000000020170411                                                          000078
1            A39K5D000001                      172037633                                                    061004170000003763COMPE               3004170000000071638         K000000000000000000000000000000000000000000000000000000000000000000000000000000000000006912500000000000000000000000000                          H50000000020170411                                                          000079
1            A38RRS000002                      172037854                                                    061004170000003785COMPE               3004170000000068295         K000000000000000000000000000000000000000000000000000000000000000000000000000000000000006595000000000000000000000000000                          H50000000020170411                                                          000080
1            A39K5K000002                      172039288                                                    061004170000003928COMPE               3004170000000088350         K000000000000000000000000000000000000000000000000000000000000000000000000000000000000008500000000000000000000000000000                          H50000000020170411                                                          000081
1            A39K5M000002                      172039725                                                    061004170000003972COMPE               3004170000000068295         K000000000000000000000000000000000000000000000000000000000000000000000000000000000000006590000000000000000000000000000                          H50000000020170411                                                          000082
1            A39K0C000002                      172040499                                                    061004170000004049COMPE               3004170000000048848         K000000000000000000000000000000000000000000000000000000000000000000000000000000000000004640000000000000000000000000000                          H50000000020170411                                                          000083
1            A39K0Z000002                      172040600                                                    061004170000004060COMPE               3004170000000042742         K000000000000000000000000000000000000000000000000000000000000000000000000000000000000004060000000000000000000000000000                          H50000000020170411                                                          000084
1            A39L24000002                      172041703                                                    061004170000004170COMPE               3004170000000033318         K000000000000000000000000000000000000000000000000000000000000000000000000000000000000003240000000000000000000000000000                          H50000000020170411                                                          000085
1            A39M32000002                      172042130                                                    061004170000004213COMPE               3004170000000076060         K000000000000000000000000000000000000000000000000000000000000000000000000000000000000007606000000000000000000000000000                          H50000000020170411                                                          000086
1            A39MII000002                      172042238                                                    061004170000004223COMPE               3004170000000071638         K000000000000000000000000000000000000000000000000000000000000000000000000000000000000006912500000000000000000000000000                          H50000000020170411                                                          000087
1            A39KEP000002                      172302493                                                    061004170000030249COMPE               3004170000000098899         K000000000000000000000000000000000000000000000000000000000000000000000000000000000000009520000000000000000000000000000                          H50000000020170411                                                          000088
1            A39KEF000002                      172303490                                                    061004170000030349COMPE               3004170000000085268         K000000000000000000000000000000000000000000000000000000000000000000000000000000000000008100000000000000000000000000000                          H50000000020170411                                                          000089
1            A39KE8000002                      172303694                                                    061004170000030369COMPE               3004170000000084131         K000000000000000000000000000000000000000000000000000000000000000000000000000000000000007992000000000000000000000000000                          H50000000020170411                                                          000090
1            A39K5C000002                      172303791                                                    061004170000030379COMPE               3004170000000127321         K000000000000000000000000000000000000000000000000000000000000000000000000000000000000012220000000000000000000000000000                          H50000000020170411                                                          000091
1            A39KEA000002                      172303996                                                    061004170000030399COMPE               3004170000000104583         K000000000000000000000000000000000000000000000000000000000000000000000000000000000000010060000000000000000000000000000                          H50000000020170411                                                          000092
1            A39KE4000002                      172304194                                                    061004170000030419COMPE               3004170000000110268         K000000000000000000000000000000000000000000000000000000000000000000000000000000000000010600000000000000000000000000000                          H50000000020170411                                                          000093
1            A39KEE000002                      172304496                                                    061004170000030449COMPE               3004170000000104583         K000000000000000000000000000000000000000000000000000000000000000000000000000000000000010060000000000000000000000000000                          H50000000020170411                                                          000094
1            A39KES000002                      172305093                                                    061004170000030509COMPE               3004170000000110268         K000000000000000000000000000000000000000000000000000000000000000000000000000000000000010600000000000000000000000000000                          H50000000020170411                                                          000095
1            A39KE9000002                      172306090                                                    061004170000030609COMPE               3004170000000115952         K000000000000000000000000000000000000000000000000000000000000000000000000000000000000011140000000000000000000000000000                          H50000000020170411                                                          000096
1            A39KEY000002                      172306693                                                    061004170000030669COMPE               3004170000000104583         K000000000000000000000000000000000000000000000000000000000000000000000000000000000000010060000000000000000000000000000                          H50000000020170411                                                          000097
1            A39KDN000002                      172307185                                                    061004170000030718COMPE               3004170000000059107         K000000000000000000000000000000000000000000000000000000000000000000000000000000000000005740000000000000000000000000000                          H50000000020170411                                                          000098
1            A38RO6000002                      172307690                                                    061004170000030769COMPE               3004170000000090952         K000000000000000000000000000000000000000000000000000000000000000000000000000000000000008640000000000000000000000000000                          H50000000020170411                                                          000099
1            A39KEL000002                      172307797                                                    061004170000030779COMPE               3004170000000025000         K000000000000000000000000000000000000000000000000000000000000000000000000000000000000002500000000000000000000000000000                          H50000000020170411                                                          000100
1            A39KE1000002                      172310933                                                    061004170000031093COMPE               3004170000000064953         K000000000000000000000000000000000000000000000000000000000000000000000000000000000000006277500000000000000000000000000                          H50000000020170411                                                          000101
1            A39KE1000002                      172311158                                                    061004170000031115COMPE               3004170000000064953         K000000000000000000000000000000000000000000000000000000000000000000000000000000000000006277500000000000000000000000000                          H50000000020170411                                                          000102
1            A38RDJ000002                      172311379                                                    061004170000031137COMPE               3004170000000054925         K000000000000000000000000000000000000000000000000000000000000000000000000000000000000005325000000000000000000000000000                          H50000000020170411                                                          000103
1            A39KDY000002                      172312278                                                    061004170000031227COMPE               3004170000000041555         K000000000000000000000000000000000000000000000000000000000000000000000000000000000000004055000000000000000000000000000                          H50000000020170411                                                          000104
1            A39KEO000002                      172313711                                                    061004170000031371COMPE               3004170000000068214         K000000000000000000000000000000000000000000000000000000000000000000000000000000000000006480000000000000000000000000000                          H50000000020170411                                                          000105
1            A39KR8000002                      172314505                                                    061004170000031450COMPE               3004170000000127321         K000000000000000000000000000000000000000000000000000000000000000000000000000000000000012220000000000000000000000000000                          H50000000020170411                                                          000106
1            A39KR9000002                      172314602                                                    061004170000031460COMPE               3004170000000121637         K000000000000000000000000000000000000000000000000000000000000000000000000000000000000011680000000000000000000000000000                          H50000000020170411                                                          000107
1            A39KEQ000002                      172315609                                                    061004170000031560COMPE               3004170000000081845         K000000000000000000000000000000000000000000000000000000000000000000000000000000000000007900000000000000000000000000000                          H50000000020170411                                                          000108
1            A39KEG000002                      172316214                                                    061004170000031621COMPE               3004170000000085268         K000000000000000000000000000000000000000000000000000000000000000000000000000000000000008100000000000000000000000000000                          H50000000020170411                                                          000109
1            A39K14000002                      172006398                                                    281004170000000639                    3004170000000057742         K000000000011500000000000000000000000000000000000000000000000000000000000000000000000000011500000000000000000000000000                          B30000000020170410                                                          000110
1            A39KE6000002                      172305590                                                    281004170000030559                    3004170000000110268         K000000000011500000000000000000000000000000000000000000000000000000000000000000000000000011500000000000000000000000000                          B30000000020170410                                                          000111
1            A39K3L000002                      172018817                                                    281004170000001881                    3103170000000063848         K000000000011500000000000000000000000000000000000000000000000000000000000000000000000000011500000000000000000000000000                          B30000000020170410                                                          000112
1            A39K4W000002                      172032895                                                    281004170000003289                    3103170000000068295         K000000000011500000000000000000000000000000000000000000000000000000000000000000000000000011500000000000000000000000000                          B30000000020170410                                                          000113
1            A39K3A000002                      172016849                                                    281004170000001684                    3004170000000076060         K000000000011500000000000000000000000000000000000000000000000000000000000000000000000000011500000000000000000000000000                          B30000000020170410                                                          000114
1            A38RAM000002                      172022890                                                    281004170000002289                    3004170000000076060         K000000000011500000000000000000000000000000000000000000000000000000000000000000000000000011500000000000000000000000000                          B30000000020170410                                                          000115
1            A39K02000002                      172040383                                                    281004170000004038                    3004170000000063848         K000000000011500000000000000000000000000000000000000000000000000000000000000000000000000011500000000000000000000000000                          B30000000020170410                                                          000116
1            A39KF2000002                      172308980                                                    281004170000030898                    3004170000000110268         K000000000011500000000000000000000000000000000000000000000000000000000000000000000000000011500000000000000000000000000                          B30000000020170410                                                          000117
1            A39JZW000002                      172000780                                                    281004170000000078                    3004170000000057742         K000000000011500000000000000000000000000000000000000000000000000000000000000000000000000011500000000000000000000000000                          B30000000020170410                                                          000118
1            A39JZY000002                      172001116                                                    281004170000000111                    3004170000000054689         K000000000011500000000000000000000000000000000000000000000000000000000000000000000000000011500000000000000000000000000                          B30000000020170410                                                          000119
1            A39K00000002                      172001558                                                    281004170000000155                    3004170000000051636         K000000000011500000000000000000000000000000000000000000000000000000000000000000000000000011500000000000000000000000000                          B30000000020170410                                                          000120
1            A39K07000002                      172002325                                                    281004170000000232                    3004170000000057742         K000000000011500000000000000000000000000000000000000000000000000000000000000000000000000011500000000000000000000000000                          B30000000020170410                                                          000121
1            A38RBJ000002                      172003097                                                    281004170000000309                    3004170000000057742         K000000000011500000000000000000000000000000000000000000000000000000000000000000000000000011500000000000000000000000000                          B30000000020170410                                                          000122
1            A39K0E000002                      172003313                                                    281004170000000331                    3004170000000060795         K000000000011500000000000000000000000000000000000000000000000000000000000000000000000000011500000000000000000000000000                          B30000000020170410                                                          000123
1            A39K0F000002                      172003429                                                    281004170000000342                    3004170000000033318         K000000000011500000000000000000000000000000000000000000000000000000000000000000000000000011500000000000000000000000000                          B30000000020170410                                                          000124
1            A39K0G000002                      172003534                                                    281004170000000353                    3004170000000060795         K000000000011500000000000000000000000000000000000000000000000000000000000000000000000000011500000000000000000000000000                          B30000000020170410                                                          000125
1            A39K0I000002                      172003755                                                    281004170000000375                    3004170000000060795         K000000000011500000000000000000000000000000000000000000000000000000000000000000000000000011500000000000000000000000000                          B30000000020170410                                                          000126
1            A39K0K000002                      172003976                                                    281004170000000397                    3004170000000060795         K000000000011500000000000000000000000000000000000000000000000000000000000000000000000000011500000000000000000000000000                          B30000000020170410                                                          000127
1            A39K0M000002                      172004301                                                    281004170000000430                    3004170000000060795         K000000000011500000000000000000000000000000000000000000000000000000000000000000000000000011500000000000000000000000000                          B30000000020170410                                                          000128
1            A39K0T000002                      172005189                                                    281004170000000518                    3004170000000045530         K000000000011500000000000000000000000000000000000000000000000000000000000000000000000000011500000000000000000000000000                          B30000000020170410                                                          000129
1            A39K12000002                      172006177                                                    281004170000000617                    3004170000000057742         K000000000011500000000000000000000000000000000000000000000000000000000000000000000000000011500000000000000000000000000                          B30000000020170410                                                          000130
1            A39K13000002                      172006282                                                    281004170000000628                    3004170000000045530         K000000000011500000000000000000000000000000000000000000000000000000000000000000000000000011500000000000000000000000000                          B30000000020170410                                                          000131
1            A39K17000002                      172006835                                                    281004170000000683                    3004170000000051636         K000000000011500000000000000000000000000000000000000000000000000000000000000000000000000011500000000000000000000000000                          B30000000020170410                                                          000132
1            A39K1G000002                      172008153                                                    281004170000000815                    3004170000000076060         K000000000011500000000000000000000000000000000000000000000000000000000000000000000000000011500000000000000000000000000                          B30000000020170410                                                          000133
1            A39K1J000002                      172008480                                                    281004170000000848                    3004170000000063848         K000000000011500000000000000000000000000000000000000000000000000000000000000000000000000011500000000000000000000000000                          B30000000020170410                                                          000134
1            A39K1K000002                      172008595                                                    281004170000000859                    3004170000000063848         K000000000011500000000000000000000000000000000000000000000000000000000000000000000000000011500000000000000000000000000                          B30000000020170410                                                          000135
1            A39K1O000002                      172009141                                                    281004170000000914                    3004170000000015000         K000000000011500000000000000000000000000000000000000000000000000000000000000000000000000011500000000000000000000000000                          B30000000020170410                                                          000136
1            A39K1Q000002                      172009362                                                    281004170000000936                    3004170000000076060         K000000000011500000000000000000000000000000000000000000000000000000000000000000000000000011500000000000000000000000000                          B30000000020170410                                                          000137
1            A39K1R000002                      172009478                                                    281004170000000947                    3004170000000054689         K000000000011500000000000000000000000000000000000000000000000000000000000000000000000000011500000000000000000000000000                          B30000000020170410                                                          000138
1            A39K1W000002                      172010131                                                    281004170000001013                    3004170000000057742         K000000000011500000000000000000000000000000000000000000000000000000000000000000000000000011500000000000000000000000000                          B30000000020170410                                                          000139
1            A39K1Z000002                      172010573                                                    281004170000001057                    3004170000000060795         K000000000011500000000000000000000000000000000000000000000000000000000000000000000000000011500000000000000000000000000                          B30000000020170410                                                          000140
1            A39K21000001                      172011014                                                    281004170000001101                    3004170000000063848         K000000000011500000000000000000000000000000000000000000000000000000000000000000000000000011500000000000000000000000000                          B30000000020170410                                                          000141
1            A39K25000002                      172011677                                                    281004170000001167                    3004170000000045530         K000000000011500000000000000000000000000000000000000000000000000000000000000000000000000011500000000000000000000000000                          B30000000020170410                                                          000142
1            A39K27000002                      172011898                                                    281004170000001189                    3004170000000063848         K000000000011500000000000000000000000000000000000000000000000000000000000000000000000000011500000000000000000000000000                          B30000000020170410                                                          000143
1            A39K2A000002                      172012223                                                    281004170000001222                    3004170000000045530         K000000000011500000000000000000000000000000000000000000000000000000000000000000000000000011500000000000000000000000000                          B30000000020170410                                                          000144
1            A39K2C000002                      172012444                                                    281004170000001244                    3004170000000030265         K000000000011500000000000000000000000000000000000000000000000000000000000000000000000000011500000000000000000000000000                          B30000000020170410                                                          000145
1            A39K2D000002                      172012550                                                    281004170000001255                    3004170000000030265         K000000000011500000000000000000000000000000000000000000000000000000000000000000000000000011500000000000000000000000000                          B30000000020170410                                                          000146
1            A39K2E000002                      172012665                                                    281004170000001266                    3004170000000063848         K000000000011500000000000000000000000000000000000000000000000000000000000000000000000000011500000000000000000000000000                          B30000000020170410                                                          000147
1            A39K2J000002                      172013211                                                    281004170000001321                    3004170000000057742         K000000000011500000000000000000000000000000000000000000000000000000000000000000000000000011500000000000000000000000000                          B30000000020170410                                                          000148
1            A39K2V000002                      172014862                                                    281004170000001486                    3004170000000060795         K000000000011500000000000000000000000000000000000000000000000000000000000000000000000000011500000000000000000000000000                          B30000000020170410                                                          000149
1            A38REG000002                      172016180                                                    281004170000001618                    3004170000000048583         K000000000011500000000000000000000000000000000000000000000000000000000000000000000000000011500000000000000000000000000                          B30000000020170410                                                          000150
1            A39K36000002                      172016407                                                    281004170000001640                    3004170000000066901         K000000000011500000000000000000000000000000000000000000000000000000000000000000000000000011500000000000000000000000000                          B30000000020170410                                                          000151
1            A39K39000002                      172016733                                                    281004170000001673                    3004170000000045530         K000000000011500000000000000000000000000000000000000000000000000000000000000000000000000011500000000000000000000000000                          B30000000020170410                                                          000152
1            A39K3D000002                      172017179                                                    281004170000001717                    3004170000000063848         K000000000011500000000000000000000000000000000000000000000000000000000000000000000000000011500000000000000000000000000                          B30000000020170410                                                          000153
1            A39K3G000002                      172017616                                                    281004170000001761                    3004170000000060795         K000000000011500000000000000000000000000000000000000000000000000000000000000000000000000011500000000000000000000000000                          B30000000020170410                                                          000154
1            A39K3K000002                      172018710                                                    281004170000001871                    3004170000000051636         K000000000011500000000000000000000000000000000000000000000000000000000000000000000000000011500000000000000000000000000                          B30000000020170410                                                          000155
1            A39K3P000001                      172020030                                                    281004170000002003                    3004170000000076060         K000000000011500000000000000000000000000000000000000000000000000000000000000000000000000011500000000000000000000000000                          B30000000020170410                                                          000156
1            A39K3Q000002                      172020250                                                    281004170000002025                    3004170000000051636         K000000000011500000000000000000000000000000000000000000000000000000000000000000000000000011500000000000000000000000000                          B30000000020170410                                                          000157
1            A39K3U000002                      172020803                                                    281004170000002080                    3004170000000045530         K000000000011500000000000000000000000000000000000000000000000000000000000000000000000000011500000000000000000000000000                          B30000000020170410                                                          000158
1            A38RBB000002                      172023110                                                    281004170000002311                    3004170000000045530         K000000000011500000000000000000000000000000000000000000000000000000000000000000000000000011500000000000000000000000000                          B30000000020170410                                                          000159
1            A38RAU000002                      172023888                                                    281004170000002388                    3004170000000063848         K000000000011500000000000000000000000000000000000000000000000000000000000000000000000000011500000000000000000000000000                          B30000000020170410                                                          000160
1            A38RA2000002                      172024329                                                    281004170000002432                    3004170000000060795         K000000000011500000000000000000000000000000000000000000000000000000000000000000000000000011500000000000000000000000000                          B30000000020170410                                                          000161
1            A38RAV000002                      172024655                                                    281004170000002465                    3004170000000057742         K000000000011500000000000000000000000000000000000000000000000000000000000000000000000000011500000000000000000000000000                          B30000000020170410                                                          000162
1            A38RB0000002                      172025643                                                    281004170000002564                    3004170000000060795         K000000000011500000000000000000000000000000000000000000000000000000000000000000000000000011500000000000000000000000000                          B30000000020170410                                                          000163
1            A39K4C000002                      172026747                                                    281004170000002674                    3004170000000039424         K000000000011500000000000000000000000000000000000000000000000000000000000000000000000000011500000000000000000000000000                          B30000000020170410                                                          000164
1            A38RMC000002                      172027620                                                    281004170000002762                    3004170000000045530         K000000000011500000000000000000000000000000000000000000000000000000000000000000000000000011500000000000000000000000000                          B30000000020170410                                                          000165
1            A38RBG000002                      172027956                                                    281004170000002795                    3004170000000045530         K000000000011500000000000000000000000000000000000000000000000000000000000000000000000000011500000000000000000000000000                          B30000000020170410                                                          000166
1            A38RBH000002                      172028065                                                    281004170000002806                    3004170000000066901         K000000000011500000000000000000000000000000000000000000000000000000000000000000000000000011500000000000000000000000000                          B30000000020170410                                                          000167
1            A38RA4000002                      172028170                                                    281004170000002817                    3004170000000063848         K000000000011500000000000000000000000000000000000000000000000000000000000000000000000000011500000000000000000000000000                          B30000000020170410                                                          000168
1            A38RBJ000002                      172028618                                                    281004170000002861                    3004170000000054925         K000000000011500000000000000000000000000000000000000000000000000000000000000000000000000011500000000000000000000000000                          B30000000020170410                                                          000169
1            A38RCS000002                      172029274                                                    281004170000002927                    3004170000000071638         K000000000011500000000000000000000000000000000000000000000000000000000000000000000000000011500000000000000000000000000                          B30000000020170410                                                          000170
1            A39K4L000002                      172029380                                                    281004170000002938                    3004170000000058268         K000000000011500000000000000000000000000000000000000000000000000000000000000000000000000011500000000000000000000000000                          B30000000020170410                                                          000171
1            A38RCT000001                      172029495                                                    281004170000002949                    3004170000000041555         K000000000011500000000000000000000000000000000000000000000000000000000000000000000000000011500000000000000000000000000                          B30000000020170410                                                          000172
1            A38RC8000001                      172029711                                                    281004170000002971                    3004170000000061610         K000000000011500000000000000000000000000000000000000000000000000000000000000000000000000011500000000000000000000000000                          B30000000020170410                                                          000173
1            A38RBN000001                      172030264                                                    281004170000003026                    3004170000000078323         K000000000011500000000000000000000000000000000000000000000000000000000000000000000000000011500000000000000000000000000                          B30000000020170410                                                          000174
1            A38RCB000002                      172030590                                                    281004170000003059                    3004170000000054925         K000000000011500000000000000000000000000000000000000000000000000000000000000000000000000011500000000000000000000000000                          B30000000020170410                                                          000175
1            A39K4O000002                      172031031                                                    281004170000003103                    3004170000000041555         K000000000011500000000000000000000000000000000000000000000000000000000000000000000000000011500000000000000000000000000                          B30000000020170410                                                          000176
1            A38RBS000001                      172031473                                                    281004170000003147                    3004170000000061610         K000000000011500000000000000000000000000000000000000000000000000000000000000000000000000011500000000000000000000000000                          B30000000020170410                                                          000177
1            A39K4R000002                      172031694                                                    281004170000003169                    3004170000000068295         K000000000011500000000000000000000000000000000000000000000000000000000000000000000000000011500000000000000000000000000                          B30000000020170410                                                          000178
1            A38RCI000001                      172032585                                                    281004170000003258                    3105170000000061610         K000000000011500000000000000000000000000000000000000000000000000000000000000000000000000011500000000000000000000000000                          B30000000020170410                                                          000179
1            A38RBW000002                      172033018                                                    281004170000003301                    3004170000000088350         K000000000011500000000000000000000000000000000000000000000000000000000000000000000000000011500000000000000000000000000                          B30000000020170410                                                          000180
1            A38RC0000002                      172033450                                                    281004170000003345                    3004170000000074980         K000000000011500000000000000000000000000000000000000000000000000000000000000000000000000011500000000000000000000000000                          B30000000020170410                                                          000181
1            A38RD7000002                      172034332                                                    281004170000003433                    3004170000000068295         K000000000011500000000000000000000000000000000000000000000000000000000000000000000000000011500000000000000000000000000                          B30000000020170410                                                          000182
1            A38RRT000002                      172034448                                                    281004170000003444                    3004170000000088350         K000000000011500000000000000000000000000000000000000000000000000000000000000000000000000011500000000000000000000000000                          B30000000020170410                                                          000183
1            A39K53000002                      172035657                                                    281004170000003565                    3004170000000074980         K000000000011500000000000000000000000000000000000000000000000000000000000000000000000000011500000000000000000000000000                          B30000000020170410                                                          000184
1            A38RDL000002                      172036203                                                    281004170000003620                    3004170000000074980         K000000000011500000000000000000000000000000000000000000000000000000000000000000000000000011500000000000000000000000000                          B30000000020170410                                                          000185
1            A39K5C000002                      172037528                                                    281004170000003752                    3004170000000068295         K000000000011500000000000000000000000000000000000000000000000000000000000000000000000000011500000000000000000000000000                          B30000000020170410                                                          000186
1            A39K5D000001                      172037633                                                    281004170000003763                    3004170000000071638         K000000000011500000000000000000000000000000000000000000000000000000000000000000000000000011500000000000000000000000000                          B30000000020170410                                                          000187
1            A38RRS000002                      172037854                                                    281004170000003785                    3004170000000068295         K000000000011500000000000000000000000000000000000000000000000000000000000000000000000000011500000000000000000000000000                          B30000000020170410                                                          000188
1            A39K5K000002                      172039288                                                    281004170000003928                    3004170000000088350         K000000000011500000000000000000000000000000000000000000000000000000000000000000000000000011500000000000000000000000000                          B30000000020170410                                                          000189
1            A39K5M000002                      172039725                                                    281004170000003972                    3004170000000068295         K000000000011500000000000000000000000000000000000000000000000000000000000000000000000000011500000000000000000000000000                          B30000000020170410                                                          000190
1            A39K0C000002                      172040499                                                    281004170000004049                    3004170000000048848         K000000000011500000000000000000000000000000000000000000000000000000000000000000000000000011500000000000000000000000000                          B30000000020170410                                                          000191
1            A39K0Z000002                      172040600                                                    281004170000004060                    3004170000000042742         K000000000011500000000000000000000000000000000000000000000000000000000000000000000000000011500000000000000000000000000                          B30000000020170410                                                          000192
1            A39L24000002                      172041703                                                    281004170000004170                    3004170000000033318         K000000000011500000000000000000000000000000000000000000000000000000000000000000000000000011500000000000000000000000000                          B30000000020170410                                                          000193
1            A39M32000002                      172042130                                                    281004170000004213                    3004170000000076060         K000000000011500000000000000000000000000000000000000000000000000000000000000000000000000011500000000000000000000000000                          B30000000020170410                                                          000194
1            A39MII000002                      172042238                                                    281004170000004223                    3004170000000071638         K000000000011500000000000000000000000000000000000000000000000000000000000000000000000000011500000000000000000000000000                          B30000000020170410                                                          000195
1            A39KEP000002                      172302493                                                    281004170000030249                    3004170000000098899         K000000000011500000000000000000000000000000000000000000000000000000000000000000000000000011500000000000000000000000000                          B30000000020170410                                                          000196
1            A39KEF000002                      172303490                                                    281004170000030349                    3004170000000085268         K000000000011500000000000000000000000000000000000000000000000000000000000000000000000000011500000000000000000000000000                          B30000000020170410                                                          000197
1            A39KE8000002                      172303694                                                    281004170000030369                    3004170000000084131         K000000000011500000000000000000000000000000000000000000000000000000000000000000000000000011500000000000000000000000000                          B30000000020170410                                                          000198
1            A39K5C000002                      172303791                                                    281004170000030379                    3004170000000127321         K000000000011500000000000000000000000000000000000000000000000000000000000000000000000000011500000000000000000000000000                          B30000000020170410                                                          000199
1            A39KEA000002                      172303996                                                    281004170000030399                    3004170000000104583         K000000000011500000000000000000000000000000000000000000000000000000000000000000000000000011500000000000000000000000000                          B30000000020170410                                                          000200
1            A39KE4000002                      172304194                                                    281004170000030419                    3004170000000110268         K000000000011500000000000000000000000000000000000000000000000000000000000000000000000000011500000000000000000000000000                          B30000000020170410                                                          000201
1            A39KEE000002                      172304496                                                    281004170000030449                    3004170000000104583         K000000000011500000000000000000000000000000000000000000000000000000000000000000000000000011500000000000000000000000000                          B30000000020170410                                                          000202
1            A39KES000002                      172305093                                                    281004170000030509                    3004170000000110268         K000000000011500000000000000000000000000000000000000000000000000000000000000000000000000011500000000000000000000000000                          B30000000020170410                                                          000203
1            A39KE9000002                      172306090                                                    281004170000030609                    3004170000000115952         K000000000011500000000000000000000000000000000000000000000000000000000000000000000000000011500000000000000000000000000                          B30000000020170410                                                          000204
1            A39KEY000002                      172306693                                                    281004170000030669                    3004170000000104583         K000000000011500000000000000000000000000000000000000000000000000000000000000000000000000011500000000000000000000000000                          B30000000020170410                                                          000205
1            A39KDN000002                      172307185                                                    281004170000030718                    3004170000000059107         K000000000011500000000000000000000000000000000000000000000000000000000000000000000000000011500000000000000000000000000                          B30000000020170410                                                          000206
1            A38RO6000002                      172307690                                                    281004170000030769                    3004170000000090952         K000000000011500000000000000000000000000000000000000000000000000000000000000000000000000011500000000000000000000000000                          B30000000020170410                                                          000207
1            A39KEL000002                      172307797                                                    281004170000030779                    3004170000000025000         K000000000011500000000000000000000000000000000000000000000000000000000000000000000000000011500000000000000000000000000                          B30000000020170410                                                          000208
1            A39KE1000002                      172310933                                                    281004170000031093                    3004170000000064953         K000000000011500000000000000000000000000000000000000000000000000000000000000000000000000011500000000000000000000000000                          B30000000020170410                                                          000209
1            A39KE1000002                      172311158                                                    281004170000031115                    3004170000000064953         K000000000011500000000000000000000000000000000000000000000000000000000000000000000000000011500000000000000000000000000                          B30000000020170410                                                          000210
1            A38RDJ000002                      172311379                                                    281004170000031137                    3004170000000054925         K000000000011500000000000000000000000000000000000000000000000000000000000000000000000000011500000000000000000000000000                          B30000000020170410                                                          000211
1            A39KDY000002                      172312278                                                    281004170000031227                    3004170000000041555         K000000000011500000000000000000000000000000000000000000000000000000000000000000000000000011500000000000000000000000000                          B30000000020170410                                                          000212
1            A39KEO000002                      172313711                                                    281004170000031371                    3004170000000068214         K000000000011500000000000000000000000000000000000000000000000000000000000000000000000000011500000000000000000000000000                          B30000000020170410                                                          000213
1            A39KR8000002                      172314505                                                    281004170000031450                    3004170000000127321         K000000000011500000000000000000000000000000000000000000000000000000000000000000000000000011500000000000000000000000000                          B30000000020170410                                                          000214
1            A39KR9000002                      172314602                                                    281004170000031460                    3004170000000121637         K000000000011500000000000000000000000000000000000000000000000000000000000000000000000000011500000000000000000000000000                          B30000000020170410                                                          000215
1            A39KEQ000002                      172315609                                                    281004170000031560                    3004170000000081845         K000000000011500000000000000000000000000000000000000000000000000000000000000000000000000011500000000000000000000000000                          B30000000020170410                                                          000216
1            A39KEG000002                      172316214                                                    281004170000031621                    3004170000000085268         K000000000011500000000000000000000000000000000000000000000000000000000000000000000000000011500000000000000000000000000                          B30000000020170410                                                          000217
1            C0000000000                       172307495                                                    06100417          090316                    0000000085268                                                              00000000000000000000004268000000008100000000000000000000000000000                          00        20170411                                                          000218
1            C0000000000                       172307495                                                    28100417          090316                    0000000000115                                                              00000000000000000000004268000000008100000000000000000000000000000                          B3        20170410                                                          000219
1            C0000000000                       172000896                                                    06100417          COMPE                     0000000060795                                                              00000000000000000000000000000000005850000000000000000000000000000                          H5        20170411                                                          000220
1            C0000000000                       172000896                                                    28100417          COMPE                     0000000000115                                                              00000000000000000000000000000000005850000000000000000000000000000                          B3        20170410                                                          000221
1            C0000000000                       172004638                                                    06100417          COMPE                     0000000063848                                                              00000000000000000000000000000000006140000000000000000000000000000                          H5        20170411                                                          000222
1            C0000000000                       172004638                                                    28100417          COMPE                     0000000000115                                                              00000000000000000000000000000000006140000000000000000000000000000                          B3        20170410                                                          000223
1            C0000000000                       172007386                                                    06100417          COMPE                     0000000045530                                                              00000000000000000000000000000000004400000000000000000000000000000                          H5        20170411                                                          000224
1            C0000000000                       172007386                                                    28100417          COMPE                     0000000000115                                                              00000000000000000000000000000000004400000000000000000000000000000                          B3        20170410                                                          000225
1            C0000000000                       172009036                                                    06100417          COMPE                     0000000015000                                                              00000000000000000000000000000000001500000000000000000000000000000                          H5        20170411                                                          000226
1            C0000000000                       172009036                                                    28100417          COMPE                     0000000000115                                                              00000000000000000000000000000000001500000000000000000000000000000                          B3        20170410                                                          000227
1            C0000000000                       172010026                                                    06100417          COMPE                     0000000063848                                                              00000000000000000000000000000000006140000000000000000000000000000                          H5        20170411                                                          000228
1            C0000000000                       172010026                                                    28100417          COMPE                     0000000000115                                                              00000000000000000000000000000000006140000000000000000000000000000                          B3        20170410                                                          000229
1            C0000000000                       172010905                                                    06100417          COMPE                     0000000063848                                                              00000000000000000000000000000000006140000000000000000000000000000                          H5        20170411                                                          000230
1            C0000000000                       172010905                                                    28100417          COMPE                     0000000000115                                                              00000000000000000000000000000000006140000000000000000000000000000                          B3        20170410                                                          000231
1            C0000000000                       172036319                                                    06100417          COMPE                     0000000074980                                                              00000000000000000000000000000000007230000000000000000000000000000                          H5        20170411                                                          000232
1            C0000000000                       172036319                                                    28100417          COMPE                     0000000000115                                                              00000000000000000000000000000000007230000000000000000000000000000                          B3        20170410                                                          000233
1            C0000000000                       172042564                                                    06100417          COMPE                     0000000045530                                                              00000000000000000000000000000000004400000000000000000000000000000                          H5        20170411                                                          000234
1            C0000000000                       172042564                                                    28100417          COMPE                     0000000000115                                                              00000000000000000000000000000000004400000000000000000000000000000                          B3        20170410                                                          000235
1            C0000000000                       172304984                                                    06100417          COMPE                     0000000115952                                                              00000000000000000000000000000000011140000000000000000000000000000                          H5        20170411                                                          000236
1            C0000000000                       172304984                                                    28100417          COMPE                     0000000000115                                                              00000000000000000000000000000000011140000000000000000000000000000                          B3        20170410                                                          000237
1            C0000000000                       172312049                                                    06100417          COMPE                     0000000054925                                                              00000000000000000000000000000000005325000000000000000000000000000                          H5        20170411                                                          000238
1            C0000000000                       172312049                                                    28100417          COMPE                     0000000000115                                                              00000000000000000000000000000000005325000000000000000000000000000                          B3        20170410                                                          000239
1            C0000000000                       172314408                                                    06100417          COMPE                     0000000127321                                                              00000000000000000000000000000000012220000000000000000000000000000                          H5        20170411                                                          000240
1            C0000000000                       172314408                                                    28100417          COMPE                     0000000000115                                                              00000000000000000000000000000000012220000000000000000000000000000                          B3        20170410                                                          000241
9274826431                                                                                                                                                                                                                                                                                                                                                                                                000242
