02RETORNO01COBRANCA       2643103361110000177                               748BANSICREDI     20170317        0000123                                                                                                                                                                                                                                                                                 1.00000001
1            A39K50000001                      172034766                                                    061603170000003476COMPE               3103170000000021500         K000000000000000000000000000000000000000000000000000000000000000000000000000000000000002150000000000000000000000000000                          H50000000020170317                                                          000002
1            A39K50000001                      172034766                                                    281603170000003476                    3103170000000021500         K000000000011500000000000000000000000000000000000000000000000000000000000000000000000000011500000000000000000000000000                          B30000000020170316                                                          000003
9274826431                                                                                                                                                                                                                                                                                                                                                                                                000004
