02RETORNO01COBRANCA       2643103361110000177                               748BANSICREDI     20170613        0000179                                                                                                                                                                                                                                                                                 1.00000001
1            A38RA7000002                      172021265                                                    061206170000002126090312              3006170000000060795         K000000000000000000000000000000000000000000000000000000000000022950000000000000000000005850000000000000000000000000000                          000000000020170613                                                          000002
1            A38RMR000002                      172013998                                                    061206170000001399090316              3105170000000057742         K000000000000000000000000000000000000000000000000000000000000000000000000000000000000005789700000000001440000000000011                          000000000020170613                                                          000003
1            A39K0F000002                      172003445                                                    061206170000000344090312              3006170000000033318         K000000000000000000000000000000000000000000000000000000000000000000000000000000000000003240000000000000000000000000000                          000000000020170613                                                          000004
1            A39JZW000002                      172000802                                                    061206170000000080COMPE               3006170000000057742         K000000000000000000000000000000000000000000000000000000000000000000000000000000000000005564200000000000000000000000000                          H50000000020170613                                                          000005
1            A38RBJ000002                      172003119                                                    061206170000000311COMPE               3006170000000057742         K000000000000000000000000000000000000000000000000000000000000000000000000000000000000005560000000000000000000000000000                          H50000000020170613                                                          000006
1            A39K0I000002                      172003771                                                    061206170000000377COMPE               3006170000000060795         K000000000000000000000000000000000000000000000000000000000000000000000000000000000000005850000000000000000000000000000                          H50000000020170613                                                          000007
1            A39K0M000002                      172004328                                                    061206170000000432COMPE               3006170000000060795         K000000000000000000000000000000000000000000000000000000000000000000000000000000000000005850000000000000000000000000000                          H50000000020170613                                                          000008
1            A39K0Y000002                      172005758                                                    061206170000000575COMPE               3006170000000063848         K000000000000000000000000000000000000000000000000000000000000000000000000000000000000006140000000000000000000000000000                          H50000000020170613                                                          000009
1            A39K12000002                      172006193                                                    061206170000000619COMPE               3006170000000057742         K000000000000000000000000000000000000000000000000000000000000000000000000000000000000005560000000000000000000000000000                          H50000000020170613                                                          000010
1            A39K16000002                      172006746                                                    061206170000000674COMPE               3006170000000045530         K000000000000000000000000000000000000000000000000000000000000000000000000000000000000004400000000000000000000000000000                          H50000000020170613                                                          000011
1            A39K19000002                      172007190                                                    061206170000000719COMPE               3107170000000015000         K000000000000000000000000000000000000000000000000000000000000000000000000000000000000001500000000000000000000000000000                          H50000000020170613                                                          000012
1            A39K1G000002                      172008170                                                    061206170000000817COMPE               3006170000000076060         K000000000000000000000000000000000000000000000000000000000000000000000000000000000000007300000000000000000000000000000                          H50000000020170613                                                          000013
1            A39K1R000002                      172009494                                                    061206170000000949COMPE               3006170000000054689         K000000000000000000000000000000000000000000000000000000000000000000000000000000000000005270000000000000000000000000000                          H50000000020170613                                                          000014
1            A39K1Z000002                      172010590                                                    061206170000001059COMPE               3006170000000060795         K000000000000000000000000000000000000000000000000000000000000000000000000000000000000005850000000000000000000000000000                          H50000000020170613                                                          000015
1            A39K21000001                      172011030                                                    061206170000001103COMPE               3006170000000063848         K000000000000000000000000000000000000000000000000000000000000000000000000000000000000006140000000000000000000000000000                          H50000000020170613                                                          000016
1            A39K2A000002                      172012240                                                    061206170000001224COMPE               3006170000000045530         K000000000000000000000000000000000000000000000000000000000000000000000000000000000000004400000000000000000000000000000                          H50000000020170613                                                          000017
1            A39K2C000002                      172012460                                                    061206170000001246COMPE               3006170000000030265         K000000000000000000000000000000000000000000000000000000000000000000000000000000000000002950000000000000000000000000000                          H50000000020170613                                                          000018
1            A39K2D000002                      172012576                                                    061206170000001257COMPE               3006170000000030265         K000000000000000000000000000000000000000000000000000000000000000000000000000000000000002950000000000000000000000000000                          H50000000020170613                                                          000019
1            A39K2E000002                      172012681                                                    061206170000001268COMPE               3006170000000063848         K000000000000000000000000000000000000000000000000000000000000000000000000000000000000006140000000000000000000000000000                          H50000000020170613                                                          000020
1            A39K2J000002                      172013238                                                    061206170000001323COMPE               3006170000000057742         K000000000000000000000000000000000000000000000000000000000000000000000000000000000000005560000000000000000000000000000                          H50000000020170613                                                          000021
1            A39K3D000002                      172017195                                                    061206170000001719COMPE               3006170000000063848         K000000000000000000000000000000000000000000000000000000000000000000000000000000000000006140000000000000000000000000000                          H50000000020170613                                                          000022
1            A39K3K000002                      172018736                                                    061206170000001873COMPE               3006170000000051636         K000000000000000000000000000000000000000000000000000000000000000000000000000000000000004980000000000000000000000000000                          H50000000020170613                                                          000023
1            A39K3P000001                      172020056                                                    061206170000002005COMPE               3006170000000076060         K000000000000000000000000000000000000000000000000000000000000000000000000000000000000007300000000000000000000000000000                          H50000000020170613                                                          000024
1            A39K3U000002                      172020820                                                    061206170000002082COMPE               3006170000000045530         K000000000000000000000000000000000000000000000000000000000000000000000000000000000000004400000000000000000000000000000                          H50000000020170613                                                          000025
1            A38RAQ000002                      172023578                                                    061206170000002357COMPE               3006170000000060795         K000000000000000000000000000000000000000000000000000000000000000000000000000000000000005850000000000000000000000000000                          H50000000020170613                                                          000026
1            A38RA2000002                      172024345                                                    061206170000002434COMPE               3006170000000060795         K000000000000000000000000000000000000000000000000000000000000000000000000000000000000005850000000000000000000000000000                          H50000000020170613                                                          000027
1            A38RAV000002                      172024671                                                    061206170000002467COMPE               3006170000000057742         K000000000000000000000000000000000000000000000000000000000000000000000000000000000000005560000000000000000000000000000                          H50000000020170613                                                          000028
1            A38RB0000002                      172025660                                                    061206170000002566COMPE               3006170000000060795         K000000000000000000000000000000000000000000000000000000000000000000000000000000000000005850000000000000000000000000000                          H50000000020170613                                                          000029
1            A38RST000002                      172026100                                                    061206170000002610COMPE               3006170000000015000         K000000000000000000000000000000000000000000000000000000000000000000000000000000000000001500000000000000000000000000000                          H50000000020170613                                                          000030
1            A39K4E000002                      172027310                                                    061206170000002731COMPE               3006170000000057742         K000000000000000000000000000000000000000000000000000000000000000000000000000000000000005560000000000000000000000000000                          H50000000020170613                                                          000031
1            A38RMC000002                      172027646                                                    061206170000002764COMPE               3006170000000045530         K000000000000000000000000000000000000000000000000000000000000000000000000000000000000004400000000000000000000000000000                          H50000000020170613                                                          000032
1            A38RBG000002                      172027972                                                    061206170000002797COMPE               3006170000000045530         K000000000000000000000000000000000000000000000000000000000000000000000000000000000000004400000000000000000000000000000                          H50000000020170613                                                          000033
1            A38RBH000002                      172028081                                                    061206170000002808COMPE               3006170000000066901         K000000000000000000000000000000000000000000000000000000000000000000000000000000000000006430000000000000000000000000000                          H50000000020170613                                                          000034
1            A38RBJ000002                      172028634                                                    061206170000002863COMPE               3006170000000054925         K000000000000000000000000000000000000000000000000000000000000000000000000000000000000005325000000000000000000000000000                          H50000000020170613                                                          000035
1            A38RCS000002                      172029290                                                    061206170000002929COMPE               3006170000000071638         K000000000000000000000000000000000000000000000000000000000000000000000000000000000000006912500000000000000000000000000                          H50000000020170613                                                          000036
1            A39K4L000002                      172029401                                                    061206170000002940COMPE               3006170000000058268         K000000000000000000000000000000000000000000000000000000000000000000000000000000000000005642500000000000000000000000000                          H50000000020170613                                                          000037
1            A38RDF000002                      172030175                                                    061206170000003017COMPE               3006170000000071638         K000000000000000000000000000000000000000000000000000000000000000000000000000000000000006912500000000000000000000000000                          H50000000020170613                                                          000038
1            A38RBN000001                      172030280                                                    061206170000003028COMPE               3006170000000078323         K000000000000000000000000000000000000000000000000000000000000000000000000000000000000007547500000000000000000000000000                          H50000000020170613                                                          000039
1            A38RDK000002                      172030728                                                    061206170000003072COMPE               3006170000000074980         K000000000000000000000000000000000000000000000000000000000000000000000000000000000000007230000000000000000000000000000                          H50000000020170613                                                          000040
1            A38RBS000001                      172031490                                                    061206170000003149COMPE               3006170000000061610         K000000000000000000000000000000000000000000000000000000000000000000000000000000000000005960000000000000000000000000000                          H50000000020170613                                                          000041
1            A39K4R000002                      172031716                                                    061206170000003171COMPE               3006170000000068295         K000000000000000000000000000000000000000000000000000000000000000000000000000000000000006595000000000000000000000000000                          H50000000020170613                                                          000042
1            A38RCI000001                      172032593                                                    061206170000003259COMPE               3006170000000061610         K000000000000000000000000000000000000000000000000000000000000000000000000000000000000005960000000000000000000000000000                          H50000000020170613                                                          000043
1            A38RC0000002                      172033476                                                    061206170000003347COMPE               3006170000000074980         K000000000000000000000000000000000000000000000000000000000000000000000000000000000000007230000000000000000000000000000                          H50000000020170613                                                          000044
1            A38RDL000002                      172036220                                                    061206170000003622COMPE               3006170000000074980         K000000000000000000000000000000000000000000000000000000000000000000000000000000000000007230000000000000000000000000000                          H50000000020170613                                                          000045
1            A39K5C000002                      172037544                                                    061206170000003754COMPE               3006170000000068295         K000000000000000000000000000000000000000000000000000000000000000000000000000000000000006595000000000000000000000000000                          H50000000020170613                                                          000046
1            A38RRS000002                      172037870                                                    061206170000003787COMPE               3006170000000068295         K000000000000000000000000000000000000000000000000000000000000000000000000000000000000006595000000000000000000000000000                          H50000000020170613                                                          000047
1            A39K0C000002                      172040510                                                    061206170000004051COMPE               3006170000000048848         K000000000000000000000000000000000000000000000000000000000000000000000000000000000000004640000000000000000000000000000                          H50000000020170613                                                          000048
1            A39K0Z000002                      172040626                                                    061206170000004062COMPE               3006170000000042742         K000000000000000000000000000000000000000000000000000000000000000000000000000000000000004060000000000000000000000000000                          H50000000020170613                                                          000049
1            A39KT8000002                      172041282                                                    061206170000004128COMPE               3006170000000045530         K000000000000000000000000000000000000000000000000000000000000000000000000000000000000004400000000000000000000000000000                          H50000000020170613                                                          000050
1            A39KEF000002                      172303511                                                    061206170000030351COMPE               3006170000000085268         K000000000000000000000000000000000000000000000000000000000000000000000000000000000000008100000000000000000000000000000                          H50000000020170613                                                          000051
1            A39K5C000002                      172303813                                                    061206170000030381COMPE               3006170000000127321         K000000000000000000000000000000000000000000000000000000000000000000000000000000000000012220000000000000000000000000000                          H50000000020170613                                                          000052
1            A39KEE000002                      172304518                                                    061206170000030451COMPE               3006170000000104583         K000000000000000000000000000000000000000000000000000000000000000000000000000000000000010060000000000000000000000000000                          H50000000020170613                                                          000053
1            A39KE9000002                      172306111                                                    061206170000030611COMPE               3006170000000115952         K000000000000000000000000000000000000000000000000000000000000000000000000000000000000011140000000000000000000000000000                          H50000000020170613                                                          000054
1            A39KF1000001                      172308017                                                    061206170000030801COMPE               3006170000000081845         K000000000000000000000000000000000000000000000000000000000000000000000000000000000000007900000000000000000000000000000                          H50000000020170613                                                          000055
1            A39KF7000002                      172308807                                                    061206170000030880COMPE               3006170000000110268         K000000000000000000000000000000000000000000000000000000000000000000000000000000000000010600000000000000000000000000000                          H50000000020170613                                                          000056
1            A39KDY000002                      172312294                                                    061206170000031229COMPE               3006170000000041555         K000000000000000000000000000000000000000000000000000000000000000000000000000000000000004155500000000000000000000000000                          H50000000020170613                                                          000057
1            A38RO3000001                      172312847                                                    061206170000031284COMPE               3006170000000056845         K000000000000000000000000000000000000000000000000000000000000000000000000000000000000005400000000000000000000000000000                          H50000000020170613                                                          000058
1            A39KEQ000002                      172315625                                                    061206170000031562COMPE               3006170000000081845         K000000000000000000000000000000000000000000000000000000000000000000000000000000000000007900000000000000000000000000000                          H50000000020170613                                                          000059
1            A38RA7000002                      172021265                                                    281206170000002126                    3006170000000060795         K000000000011500000000000000000000000000000000000000000000000000000000000000000000000000011500000000000000000000000000                          B30000000020170612                                                          000060
1            A38RMR000002                      172013998                                                    281206170000001399                    3105170000000057742         K000000000011500000000000000000000000000000000000000000000000000000000000000000000000000011500000000000000000000000000                          B30000000020170612                                                          000061
1            A39K0F000002                      172003445                                                    281206170000000344                    3006170000000033318         K000000000011500000000000000000000000000000000000000000000000000000000000000000000000000011500000000000000000000000000                          B30000000020170612                                                          000062
1            A39JZW000002                      172000802                                                    281206170000000080                    3006170000000057742         K000000000011500000000000000000000000000000000000000000000000000000000000000000000000000011500000000000000000000000000                          B30000000020170612                                                          000063
1            A38RBJ000002                      172003119                                                    281206170000000311                    3006170000000057742         K000000000011500000000000000000000000000000000000000000000000000000000000000000000000000011500000000000000000000000000                          B30000000020170612                                                          000064
1            A39K0I000002                      172003771                                                    281206170000000377                    3006170000000060795         K000000000011500000000000000000000000000000000000000000000000000000000000000000000000000011500000000000000000000000000                          B30000000020170612                                                          000065
1            A39K0M000002                      172004328                                                    281206170000000432                    3006170000000060795         K000000000011500000000000000000000000000000000000000000000000000000000000000000000000000011500000000000000000000000000                          B30000000020170612                                                          000066
1            A39K0Y000002                      172005758                                                    281206170000000575                    3006170000000063848         K000000000011500000000000000000000000000000000000000000000000000000000000000000000000000011500000000000000000000000000                          B30000000020170612                                                          000067
1            A39K12000002                      172006193                                                    281206170000000619                    3006170000000057742         K000000000011500000000000000000000000000000000000000000000000000000000000000000000000000011500000000000000000000000000                          B30000000020170612                                                          000068
1            A39K16000002                      172006746                                                    281206170000000674                    3006170000000045530         K000000000011500000000000000000000000000000000000000000000000000000000000000000000000000011500000000000000000000000000                          B30000000020170612                                                          000069
1            A39K19000002                      172007190                                                    281206170000000719                    3107170000000015000         K000000000011500000000000000000000000000000000000000000000000000000000000000000000000000011500000000000000000000000000                          B30000000020170612                                                          000070
1            A39K1G000002                      172008170                                                    281206170000000817                    3006170000000076060         K000000000011500000000000000000000000000000000000000000000000000000000000000000000000000011500000000000000000000000000                          B30000000020170612                                                          000071
1            A39K1R000002                      172009494                                                    281206170000000949                    3006170000000054689         K000000000011500000000000000000000000000000000000000000000000000000000000000000000000000011500000000000000000000000000                          B30000000020170612                                                          000072
1            A39K1Z000002                      172010590                                                    281206170000001059                    3006170000000060795         K000000000011500000000000000000000000000000000000000000000000000000000000000000000000000011500000000000000000000000000                          B30000000020170612                                                          000073
1            A39K21000001                      172011030                                                    281206170000001103                    3006170000000063848         K000000000011500000000000000000000000000000000000000000000000000000000000000000000000000011500000000000000000000000000                          B30000000020170612                                                          000074
1            A39K2A000002                      172012240                                                    281206170000001224                    3006170000000045530         K000000000011500000000000000000000000000000000000000000000000000000000000000000000000000011500000000000000000000000000                          B30000000020170612                                                          000075
1            A39K2C000002                      172012460                                                    281206170000001246                    3006170000000030265         K000000000011500000000000000000000000000000000000000000000000000000000000000000000000000011500000000000000000000000000                          B30000000020170612                                                          000076
1            A39K2D000002                      172012576                                                    281206170000001257                    3006170000000030265         K000000000011500000000000000000000000000000000000000000000000000000000000000000000000000011500000000000000000000000000                          B30000000020170612                                                          000077
1            A39K2E000002                      172012681                                                    281206170000001268                    3006170000000063848         K000000000011500000000000000000000000000000000000000000000000000000000000000000000000000011500000000000000000000000000                          B30000000020170612                                                          000078
1            A39K2J000002                      172013238                                                    281206170000001323                    3006170000000057742         K000000000011500000000000000000000000000000000000000000000000000000000000000000000000000011500000000000000000000000000                          B30000000020170612                                                          000079
1            A39K3D000002                      172017195                                                    281206170000001719                    3006170000000063848         K000000000011500000000000000000000000000000000000000000000000000000000000000000000000000011500000000000000000000000000                          B30000000020170612                                                          000080
1            A39K3K000002                      172018736                                                    281206170000001873                    3006170000000051636         K000000000011500000000000000000000000000000000000000000000000000000000000000000000000000011500000000000000000000000000                          B30000000020170612                                                          000081
1            A39K3P000001                      172020056                                                    281206170000002005                    3006170000000076060         K000000000011500000000000000000000000000000000000000000000000000000000000000000000000000011500000000000000000000000000                          B30000000020170612                                                          000082
1            A39K3U000002                      172020820                                                    281206170000002082                    3006170000000045530         K000000000011500000000000000000000000000000000000000000000000000000000000000000000000000011500000000000000000000000000                          B30000000020170612                                                          000083
1            A38RAQ000002                      172023578                                                    281206170000002357                    3006170000000060795         K000000000011500000000000000000000000000000000000000000000000000000000000000000000000000011500000000000000000000000000                          B30000000020170612                                                          000084
1            A38RA2000002                      172024345                                                    281206170000002434                    3006170000000060795         K000000000011500000000000000000000000000000000000000000000000000000000000000000000000000011500000000000000000000000000                          B30000000020170612                                                          000085
1            A38RAV000002                      172024671                                                    281206170000002467                    3006170000000057742         K000000000011500000000000000000000000000000000000000000000000000000000000000000000000000011500000000000000000000000000                          B30000000020170612                                                          000086
1            A38RB0000002                      172025660                                                    281206170000002566                    3006170000000060795         K000000000011500000000000000000000000000000000000000000000000000000000000000000000000000011500000000000000000000000000                          B30000000020170612                                                          000087
1            A38RST000002                      172026100                                                    281206170000002610                    3006170000000015000         K000000000011500000000000000000000000000000000000000000000000000000000000000000000000000011500000000000000000000000000                          B30000000020170612                                                          000088
1            A39K4E000002                      172027310                                                    281206170000002731                    3006170000000057742         K000000000011500000000000000000000000000000000000000000000000000000000000000000000000000011500000000000000000000000000                          B30000000020170612                                                          000089
1            A38RMC000002                      172027646                                                    281206170000002764                    3006170000000045530         K000000000011500000000000000000000000000000000000000000000000000000000000000000000000000011500000000000000000000000000                          B30000000020170612                                                          000090
1            A38RBG000002                      172027972                                                    281206170000002797                    3006170000000045530         K000000000011500000000000000000000000000000000000000000000000000000000000000000000000000011500000000000000000000000000                          B30000000020170612                                                          000091
1            A38RBH000002                      172028081                                                    281206170000002808                    3006170000000066901         K000000000011500000000000000000000000000000000000000000000000000000000000000000000000000011500000000000000000000000000                          B30000000020170612                                                          000092
1            A38RBJ000002                      172028634                                                    281206170000002863                    3006170000000054925         K000000000011500000000000000000000000000000000000000000000000000000000000000000000000000011500000000000000000000000000                          B30000000020170612                                                          000093
1            A38RCS000002                      172029290                                                    281206170000002929                    3006170000000071638         K000000000011500000000000000000000000000000000000000000000000000000000000000000000000000011500000000000000000000000000                          B30000000020170612                                                          000094
1            A39K4L000002                      172029401                                                    281206170000002940                    3006170000000058268         K000000000011500000000000000000000000000000000000000000000000000000000000000000000000000011500000000000000000000000000                          B30000000020170612                                                          000095
1            A38RDF000002                      172030175                                                    281206170000003017                    3006170000000071638         K000000000011500000000000000000000000000000000000000000000000000000000000000000000000000011500000000000000000000000000                          B30000000020170612                                                          000096
1            A38RBN000001                      172030280                                                    281206170000003028                    3006170000000078323         K000000000011500000000000000000000000000000000000000000000000000000000000000000000000000011500000000000000000000000000                          B30000000020170612                                                          000097
1            A38RDK000002                      172030728                                                    281206170000003072                    3006170000000074980         K000000000011500000000000000000000000000000000000000000000000000000000000000000000000000011500000000000000000000000000                          B30000000020170612                                                          000098
1            A38RBS000001                      172031490                                                    281206170000003149                    3006170000000061610         K000000000011500000000000000000000000000000000000000000000000000000000000000000000000000011500000000000000000000000000                          B30000000020170612                                                          000099
1            A39K4R000002                      172031716                                                    281206170000003171                    3006170000000068295         K000000000011500000000000000000000000000000000000000000000000000000000000000000000000000011500000000000000000000000000                          B30000000020170612                                                          000100
1            A38RCI000001                      172032593                                                    281206170000003259                    3006170000000061610         K000000000011500000000000000000000000000000000000000000000000000000000000000000000000000011500000000000000000000000000                          B30000000020170612                                                          000101
1            A38RC0000002                      172033476                                                    281206170000003347                    3006170000000074980         K000000000011500000000000000000000000000000000000000000000000000000000000000000000000000011500000000000000000000000000                          B30000000020170612                                                          000102
1            A38RDL000002                      172036220                                                    281206170000003622                    3006170000000074980         K000000000011500000000000000000000000000000000000000000000000000000000000000000000000000011500000000000000000000000000                          B30000000020170612                                                          000103
1            A39K5C000002                      172037544                                                    281206170000003754                    3006170000000068295         K000000000011500000000000000000000000000000000000000000000000000000000000000000000000000011500000000000000000000000000                          B30000000020170612                                                          000104
1            A38RRS000002                      172037870                                                    281206170000003787                    3006170000000068295         K000000000011500000000000000000000000000000000000000000000000000000000000000000000000000011500000000000000000000000000                          B30000000020170612                                                          000105
1            A39K0C000002                      172040510                                                    281206170000004051                    3006170000000048848         K000000000011500000000000000000000000000000000000000000000000000000000000000000000000000011500000000000000000000000000                          B30000000020170612                                                          000106
1            A39K0Z000002                      172040626                                                    281206170000004062                    3006170000000042742         K000000000011500000000000000000000000000000000000000000000000000000000000000000000000000011500000000000000000000000000                          B30000000020170612                                                          000107
1            A39KT8000002                      172041282                                                    281206170000004128                    3006170000000045530         K000000000011500000000000000000000000000000000000000000000000000000000000000000000000000011500000000000000000000000000                          B30000000020170612                                                          000108
1            A39KEF000002                      172303511                                                    281206170000030351                    3006170000000085268         K000000000011500000000000000000000000000000000000000000000000000000000000000000000000000011500000000000000000000000000                          B30000000020170612                                                          000109
1            A39K5C000002                      172303813                                                    281206170000030381                    3006170000000127321         K000000000011500000000000000000000000000000000000000000000000000000000000000000000000000011500000000000000000000000000                          B30000000020170612                                                          000110
1            A39KEE000002                      172304518                                                    281206170000030451                    3006170000000104583         K000000000011500000000000000000000000000000000000000000000000000000000000000000000000000011500000000000000000000000000                          B30000000020170612                                                          000111
1            A39KE9000002                      172306111                                                    281206170000030611                    3006170000000115952         K000000000011500000000000000000000000000000000000000000000000000000000000000000000000000011500000000000000000000000000                          B30000000020170612                                                          000112
1            A39KF1000001                      172308017                                                    281206170000030801                    3006170000000081845         K000000000011500000000000000000000000000000000000000000000000000000000000000000000000000011500000000000000000000000000                          B30000000020170612                                                          000113
1            A39KF7000002                      172308807                                                    281206170000030880                    3006170000000110268         K000000000011500000000000000000000000000000000000000000000000000000000000000000000000000011500000000000000000000000000                          B30000000020170612                                                          000114
1            A39KDY000002                      172312294                                                    281206170000031229                    3006170000000041555         K000000000011500000000000000000000000000000000000000000000000000000000000000000000000000011500000000000000000000000000                          B30000000020170612                                                          000115
1            A38RO3000001                      172312847                                                    281206170000031284                    3006170000000056845         K000000000011500000000000000000000000000000000000000000000000000000000000000000000000000011500000000000000000000000000                          B30000000020170612                                                          000116
1            A39KEQ000002                      172315625                                                    281206170000031562                    3006170000000081845         K000000000011500000000000000000000000000000000000000000000000000000000000000000000000000011500000000000000000000000000                          B30000000020170612                                                          000117
1            C0000000000                       172305808                                                    06120617          090322                    0000000110268                                                              00000000042680000000000000000000010600000000000000000000000000000                          00        20170613                                                          000118
1            C0000000000                       172305808                                                    28120617          090322                    0000000000115                                                              00000000042680000000000000000000010600000000000000000000000000000                          B3        20170612                                                          000119
1            C0000000000                       172009052                                                    06120617          COMPE                     0000000015000                                                              00000000000000000000000000000000001500000000000000000000000000000                          H5        20170613                                                          000120
1            C0000000000                       172009052                                                    28120617          COMPE                     0000000000115                                                              00000000000000000000000000000000001500000000000000000000000000000                          B3        20170612                                                          000121
1            C0000000000                       172010042                                                    06120617          COMPE                     0000000063848                                                              00000000000000000000000000000000006140000000000000000000000000000                          H5        20170613                                                          000122
1            C0000000000                       172010042                                                    28120617          COMPE                     0000000000115                                                              00000000000000000000000000000000006140000000000000000000000000000                          B3        20170612                                                          000123
1            C0000000000                       172036335                                                    06120617          COMPE                     0000000074980                                                              00000000000000000000000000000000007230000000000000000000000000000                          H5        20170613                                                          000124
1            C0000000000                       172036335                                                    28120617          COMPE                     0000000000115                                                              00000000000000000000000000000000007230000000000000000000000000000                          B3        20170612                                                          000125
1            C0000000000                       172042580                                                    06120617          COMPE                     0000000045530                                                              00000000000000000000000000000000004400000000000000000000000000000                          H5        20170613                                                          000126
1            C0000000000                       172042580                                                    28120617          COMPE                     0000000000115                                                              00000000000000000000000000000000004400000000000000000000000000000                          B3        20170612                                                          000127
9274826431                                                                                                                                                                                                                                                                                                                                                                                                000128
