02RETORNO01COBRANCA       2643103361110000177                               748BANSICREDI     20170503        0000152                                                                                                                                                                                                                                                                                 1.00000001
1            A39K1I000002                      172008374                                                    060205170000000837090312              3004170000000063848         K000000000000000000000000000000000000000000000000000000000000000000000000000000000000006384800000000000000000000000000                          000000000020170503                                                          000002
1            A38RCF000002                      172032135                                                    060205170000003213090302              3004170000000074980         K000000000000000000000000000000000000000000000000000000000000000000000000000000000000007498000000000000000000000000000                          000000000020170503                                                          000003
1            A39K08000002                      172002449                                                    060205170000000244COMPE               3105170000000051636         K000000000000000000000000000000000000000000000000000000000000000000000000000000000000004980000000000000000000000000000                          H50000000020170503                                                          000004
1            A39K0G000002                      172003542                                                    060205170000000354COMPE               3105170000000060795         K000000000000000000000000000000000000000000000000000000000000000000000000000000000000005850000000000000000000000000000                          H50000000020170503                                                          000005
1            A39K0P000002                      172004743                                                    060205170000000474COMPE               3004170000000063848         K000000000000000000000000000000000000000000000000000000000000000000000000000000000000006384800000000000000000000000000                          H50000000020170503                                                          000006
1            A39K19000002                      172007149                                                    060205170000000714COMPE               2802170000000015000         K000000000000000000000000000000000000000000000000000000000000000000000000000000000000001519200000000000000000000000000                          H50000000020170503                                                          000007
1            A39K19000002                      172007157                                                    060205170000000715COMPE               3103170000000015000         K000000000000000000000000000000000000000000000000000000000000000000000000000000000000001509900000000000000000000000000                          H50000000020170503                                                          000008
1            A39K1E000002                      172007939                                                    060205170000000793COMPE               3004170000000063848         K000000000000000000000000000000000000000000000000000000000000000000000000000000000000006384800000000000000000000000000                          H50000000020170503                                                          000009
1            A39K1P000002                      172009265                                                    060205170000000926COMPE               3105170000000063848         K000000000000000000000000000000000000000000000000000000000000000000000000000000000000006140000000000000000000000000000                          H50000000020170503                                                          000010
1            A39K2L000001                      172013548                                                    060205170000001354COMPE               3004170000000063848         K000000000000000000000000000000000000000000000000000000000000000000000000000000000000006140000000000000000000000000000                          H50000000020170503                                                          000011
1            A39K2Z000002                      172015303                                                    060205170000001530COMPE               3004170000000057742         K000000000000000000000000000000000000000000000000000000000000000000000000000000000000005774200000000000000000000000000                          H50000000020170503                                                          000012
1            A39K34000002                      172016075                                                    060205170000001607COMPE               3004170000000063848         K000000000000000000000000000000000000000000000000000000000000000000000000000000000000006384800000000000000000000000000                          H50000000020170503                                                          000013
1            A38TCI000002                      172017721                                                    060205170000001772COMPE               3004170000000015000         K000000000000000000000000000000000000000000000000000000000000000000000000000000000000001500000000000000000000000000000                          H50000000020170503                                                          000014
1            A39K3H000001                      172018051                                                    060205170000001805COMPE               3004170000000063848         K000000000000000000000000000000000000000000000000000000000000000000000000000000000000006384800000000000000000000000000                          H50000000020170503                                                          000015
1            A39K3M000002                      172019155                                                    060205170000001915COMPE               3004170000000066901         K000000000000000000000000000000000000000000000000000000000000000000000000000000000000006690100000000000000000000000000                          H50000000020170503                                                          000016
1            A39K34000002                      172019708                                                    060205170000001970COMPE               3004170000000063848         K000000000000000000000000000000000000000000000000000000000000000000000000000000000000006384800000000000000000000000000                          H50000000020170503                                                          000017
1            A38R9U000002                      172019929                                                    060205170000001992COMPE               3004170000000063848         K000000000000000000000000000000000000000000000000000000000000000000000000000000000000006384800000000000000000000000000                          H50000000020170503                                                          000018
1            A39K3R000002                      172020471                                                    060205170000002047COMPE               3004170000000076060         K000000000000000000000000000000000000000000000000000000000000000000000000000000000000007606000000000000000000000000000                          H50000000020170503                                                          000019
1            A38RAQ000002                      172023551                                                    060205170000002355COMPE               3004170000000060795         K000000000000000000000000000000000000000000000000000000000000000000000000000000000000006079500000000000000000000000000                          H50000000020170503                                                          000020
1            A39K4A000002                      172024876                                                    060205170000002487COMPE               3004170000000057742         K000000000000000000000000000000000000000000000000000000000000000000000000000000000000005774200000000000000000000000000                          H50000000020170503                                                          000021
1            A38RSW000001                      172026526                                                    060205170000002652COMPE               3004170000000015000         K000000000000000000000000000000000000000000000000000000000000000000000000000000000000001500000000000000000000000000000                          H50000000020170503                                                          000022
1            A39K4G000002                      172028502                                                    060205170000002850COMPE               3004170000000088350         K000000000000000000000000000000000000000000000000000000000000000000000000000000000000008835000000000000000000000000000                          H50000000020170503                                                          000023
1            A39K4K000001                      172029169                                                    060205170000002916COMPE               3004170000000041555         K000000000000000000000000000000000000000000000000000000000000000000000000000000000000004155500000000000000000000000000                          H50000000020170503                                                          000024
1            A38RTG000002                      172030817                                                    060205170000003081COMPE               3004170000000021500         K000000000000000000000000000000000000000000000000000000000000000000000000000000000000002150000000000000000000000000000                          H50000000020170503                                                          000025
1            A39K4N000002                      172030922                                                    060205170000003092COMPE               3004170000000021500         K000000000000000000000000000000000000000000000000000000000000000000000000000000000000002150000000000000000000000000000                          H50000000020170503                                                          000026
1            A38RMG000001                      172032240                                                    060205170000003224COMPE               3004170000000054925         K000000000000000000000000000000000000000000000000000000000000000000000000000000000000005492500000000000000000000000000                          H50000000020170503                                                          000027
1            A39K5N000002                      172039849                                                    060205170000003984COMPE               3105170000000061610         K000000000000000000000000000000000000000000000000000000000000000000000000000000000000005960000000000000000000000000000                          H50000000020170503                                                          000028
1            A39KDO000002                      172302590                                                    060205170000030259COMPE               3105170000000079583         K000000000000000000000000000000000000000000000000000000000000000000000000000000000000007560000000000000000000000000000                          H50000000020170503                                                          000029
1            A38RN3000001                      172306383                                                    060205170000030638COMPE               3004170000000104583         K000000000000000000000000000000000000000000000000000000000000000000000000000000000000010458300000000000000000000000000                          H50000000020170503                                                          000030
1            A39KF8000002                      172310194                                                    060205170000031019COMPE               3004170000000115952         K000000000000000000000000000000000000000000000000000000000000000000000000000000000000011140000000000000000000000000000                          H50000000020170503                                                          000031
1            A39KEU000002                      172315501                                                    060205170000031550COMPE               3004170000000104583         K000000000000000000000000000000000000000000000000000000000000000000000000000000000000010458300000000000000000000000000                          H50000000020170503                                                          000032
1            A39K1I000002                      172008374                                                    280205170000000837                    3004170000000063848         K000000000011500000000000000000000000000000000000000000000000000000000000000000000000000011500000000000000000000000000                          B30000000020170502                                                          000033
1            A38RCF000002                      172032135                                                    280205170000003213                    3004170000000074980         K000000000011500000000000000000000000000000000000000000000000000000000000000000000000000011500000000000000000000000000                          B30000000020170502                                                          000034
1            A39K08000002                      172002449                                                    280205170000000244                    3105170000000051636         K000000000011500000000000000000000000000000000000000000000000000000000000000000000000000011500000000000000000000000000                          B30000000020170502                                                          000035
1            A39K0G000002                      172003542                                                    280205170000000354                    3105170000000060795         K000000000011500000000000000000000000000000000000000000000000000000000000000000000000000011500000000000000000000000000                          B30000000020170502                                                          000036
1            A39K0P000002                      172004743                                                    280205170000000474                    3004170000000063848         K000000000011500000000000000000000000000000000000000000000000000000000000000000000000000011500000000000000000000000000                          B30000000020170502                                                          000037
1            A39K19000002                      172007149                                                    280205170000000714                    2802170000000015000         K000000000011500000000000000000000000000000000000000000000000000000000000000000000000000011500000000000000000000000000                          B30000000020170502                                                          000038
1            A39K19000002                      172007157                                                    280205170000000715                    3103170000000015000         K000000000011500000000000000000000000000000000000000000000000000000000000000000000000000011500000000000000000000000000                          B30000000020170502                                                          000039
1            A39K1E000002                      172007939                                                    280205170000000793                    3004170000000063848         K000000000011500000000000000000000000000000000000000000000000000000000000000000000000000011500000000000000000000000000                          B30000000020170502                                                          000040
1            A39K1P000002                      172009265                                                    280205170000000926                    3105170000000063848         K000000000011500000000000000000000000000000000000000000000000000000000000000000000000000011500000000000000000000000000                          B30000000020170502                                                          000041
1            A39K2L000001                      172013548                                                    280205170000001354                    3004170000000063848         K000000000011500000000000000000000000000000000000000000000000000000000000000000000000000011500000000000000000000000000                          B30000000020170502                                                          000042
1            A39K2Z000002                      172015303                                                    280205170000001530                    3004170000000057742         K000000000011500000000000000000000000000000000000000000000000000000000000000000000000000011500000000000000000000000000                          B30000000020170502                                                          000043
1            A39K34000002                      172016075                                                    280205170000001607                    3004170000000063848         K000000000011500000000000000000000000000000000000000000000000000000000000000000000000000011500000000000000000000000000                          B30000000020170502                                                          000044
1            A38TCI000002                      172017721                                                    280205170000001772                    3004170000000015000         K000000000011500000000000000000000000000000000000000000000000000000000000000000000000000011500000000000000000000000000                          B30000000020170502                                                          000045
1            A39K3H000001                      172018051                                                    280205170000001805                    3004170000000063848         K000000000011500000000000000000000000000000000000000000000000000000000000000000000000000011500000000000000000000000000                          B30000000020170502                                                          000046
1            A39K3M000002                      172019155                                                    280205170000001915                    3004170000000066901         K000000000011500000000000000000000000000000000000000000000000000000000000000000000000000011500000000000000000000000000                          B30000000020170502                                                          000047
1            A39K34000002                      172019708                                                    280205170000001970                    3004170000000063848         K000000000011500000000000000000000000000000000000000000000000000000000000000000000000000011500000000000000000000000000                          B30000000020170502                                                          000048
1            A38R9U000002                      172019929                                                    280205170000001992                    3004170000000063848         K000000000011500000000000000000000000000000000000000000000000000000000000000000000000000011500000000000000000000000000                          B30000000020170502                                                          000049
1            A39K3R000002                      172020471                                                    280205170000002047                    3004170000000076060         K000000000011500000000000000000000000000000000000000000000000000000000000000000000000000011500000000000000000000000000                          B30000000020170502                                                          000050
1            A38RAQ000002                      172023551                                                    280205170000002355                    3004170000000060795         K000000000011500000000000000000000000000000000000000000000000000000000000000000000000000011500000000000000000000000000                          B30000000020170502                                                          000051
1            A39K4A000002                      172024876                                                    280205170000002487                    3004170000000057742         K000000000011500000000000000000000000000000000000000000000000000000000000000000000000000011500000000000000000000000000                          B30000000020170502                                                          000052
1            A38RSW000001                      172026526                                                    280205170000002652                    3004170000000015000         K000000000011500000000000000000000000000000000000000000000000000000000000000000000000000011500000000000000000000000000                          B30000000020170502                                                          000053
1            A39K4G000002                      172028502                                                    280205170000002850                    3004170000000088350         K000000000011500000000000000000000000000000000000000000000000000000000000000000000000000011500000000000000000000000000                          B30000000020170502                                                          000054
1            A39K4K000001                      172029169                                                    280205170000002916                    3004170000000041555         K000000000011500000000000000000000000000000000000000000000000000000000000000000000000000011500000000000000000000000000                          B30000000020170502                                                          000055
1            A38RTG000002                      172030817                                                    280205170000003081                    3004170000000021500         K000000000011500000000000000000000000000000000000000000000000000000000000000000000000000011500000000000000000000000000                          B30000000020170502                                                          000056
1            A39K4N000002                      172030922                                                    280205170000003092                    3004170000000021500         K000000000011500000000000000000000000000000000000000000000000000000000000000000000000000011500000000000000000000000000                          B30000000020170502                                                          000057
1            A38RMG000001                      172032240                                                    280205170000003224                    3004170000000054925         K000000000011500000000000000000000000000000000000000000000000000000000000000000000000000011500000000000000000000000000                          B30000000020170502                                                          000058
1            A39K5N000002                      172039849                                                    280205170000003984                    3105170000000061610         K000000000011500000000000000000000000000000000000000000000000000000000000000000000000000011500000000000000000000000000                          B30000000020170502                                                          000059
1            A39KDO000002                      172302590                                                    280205170000030259                    3105170000000079583         K000000000011500000000000000000000000000000000000000000000000000000000000000000000000000011500000000000000000000000000                          B30000000020170502                                                          000060
1            A38RN3000001                      172306383                                                    280205170000030638                    3004170000000104583         K000000000011500000000000000000000000000000000000000000000000000000000000000000000000000011500000000000000000000000000                          B30000000020170502                                                          000061
1            A39KF8000002                      172310194                                                    280205170000031019                    3004170000000115952         K000000000011500000000000000000000000000000000000000000000000000000000000000000000000000011500000000000000000000000000                          B30000000020170502                                                          000062
1            A39KEU000002                      172315501                                                    280205170000031550                    3004170000000104583         K000000000011500000000000000000000000000000000000000000000000000000000000000000000000000011500000000000000000000000000                          B30000000020170502                                                          000063
1            C0000000000                       172004085                                                    06020517          090315                    0000000066901                                                              00000000000000000000000000000000006430000000000000000000000000000                          00        20170503                                                          000064
1            C0000000000                       172004085                                                    28020517          090315                    0000000000115                                                              00000000000000000000000000000000006430000000000000000000000000000                          B3        20170502                                                          000065
1            C0000000000                       172305786                                                    06020517          090322                    0000000110268                                                              00000000000000000000000000000000011026800000000000000000000000000                          00        20170503                                                          000066
1            C0000000000                       172305786                                                    28020517          090322                    0000000000115                                                              00000000000000000000000000000000011026800000000000000000000000000                          B3        20170502                                                          000067
1            C0000000000                       172011340                                                    06020517          COMPE                     0000000015000                                                              00000000000000000000000000000000001500000000000000000000000000000                          H5        20170503                                                          000068
1            C0000000000                       172011340                                                    28020517          COMPE                     0000000000115                                                              00000000000000000000000000000000001500000000000000000000000000000                          B3        20170502                                                          000069
9274826431                                                                                                                                                                                                                                                                                                                                                                                                000070
