02RETORNO01COBRANCA       2643103361110000177                               748BANSICREDI     20170403        0000134                                                                                                                                                                                                                                                                                 1.00000001
1            A39KF6000002                      172306774                                                    063103170000030677090302              3103170000000104583         K000000000000000000000000000000000000000000000000000000000000000000000000000000000000010458300000000000000000000000000                          000000000020170403                                                          000002
1            A38RA5000002                      172021125                                                    063103170000002112090312              3103170000000060795         K000000000000000000000000000000000000000000000000000000000000000000000000000000000000006079500000000000000000000000000                          000000000020170403                                                          000003
1            A39K0A000002                      172002759                                                    063103170000000275COMPE               3103170000000060795         K000000000000000000000000000000000000000000000000000000000000000000000000000000000000006079500000000000000000000000000                          H50000000020170403                                                          000004
1            A39K0E000002                      172003305                                                    063103170000000330COMPE               3103170000000060795         K000000000000000000000000000000000000000000000000000000000000000000000000000000000000006079500000000000000000000000000                          H50000000020170403                                                          000005
1            A39K0P000002                      172004735                                                    063103170000000473COMPE               3103170000000063848         K000000000000000000000000000000000000000000000000000000000000000000000000000000000000006384800000000000000000000000000                          H50000000020170403                                                          000006
1            A39K0T000002                      172005170                                                    063103170000000517COMPE               3103170000000045530         K000000000000000000000000000000000000000000000000000000000000000000000000000000000000004553000000000000000000000000000                          H50000000020170403                                                          000007
1            A39K1E000002                      172007920                                                    063103170000000792COMPE               3103170000000063848         K000000000000000000000000000000000000000000000000000000000000000000000000000000000000006384800000000000000000000000000                          H50000000020170403                                                          000008
1            A39K21000001                      172011006                                                    063103170000001100COMPE               3103170000000063848         K000000000000000000000000000000000000000000000000000000000000000000000000000000000000006384800000000000000000000000000                          H50000000020170403                                                          000009
1            A39K23000001                      172011227                                                    063103170000001122COMPE               3103170000000063848         K000000000000000000000000000000000000000000000000000000000000000000000000000000000000006384800000000000000000000000000                          H50000000020170403                                                          000010
1            A39K2L000001                      172013530                                                    063103170000001353COMPE               3103170000000063848         K000000000000000000000000000000000000000000000000000000000000000000000000000000000000006384800000000000000000000000000                          H50000000020170403                                                          000011
1            A39K2N000002                      172013750                                                    063103170000001375COMPE               3103170000000015000         K000000000000000000000000000000000000000000000000000000000000000000000000000000000000001500000000000000000000000000000                          H50000000020170403                                                          000012
1            A39K34000002                      172016067                                                    063103170000001606COMPE               3103170000000063848         K000000000000000000000000000000000000000000000000000000000000000000000000000000000000006384800000000000000000000000000                          H50000000020170403                                                          000013
1            A39K36000002                      172016393                                                    063103170000001639COMPE               3103170000000066901         K000000000000000000000000000000000000000000000000000000000000000000000000000000000000006690100000000000000000000000000                          H50000000020170403                                                          000014
1            A39K3H000001                      172018043                                                    063103170000001804COMPE               3103170000000063848         K000000000000000000000000000000000000000000000000000000000000000000000000000000000000006384800000000000000000000000000                          H50000000020170403                                                          000015
1            A39K34000002                      172019694                                                    063103170000001969COMPE               3103170000000063848         K000000000000000000000000000000000000000000000000000000000000000000000000000000000000006384800000000000000000000000000                          H50000000020170403                                                          000016
1            A38R9U000002                      172019910                                                    063103170000001991COMPE               3103170000000063848         K000000000000000000000000000000000000000000000000000000000000000000000000000000000000006384800000000000000000000000000                          H50000000020170403                                                          000017
1            A38RAQ000002                      172023543                                                    063103170000002354COMPE               3103170000000060795         K000000000000000000000000000000000000000000000000000000000000000000000000000000000000005850000000000000000000000000000                          H50000000020170403                                                          000018
1            A39K4A000002                      172024868                                                    063103170000002486COMPE               3103170000000057742         K000000000000000000000000000000000000000000000000000000000000000000000000000000000000005774200000000000000000000000000                          H50000000020170403                                                          000019
1            A38RAZ000002                      172025520                                                    063103170000002552COMPE               3103170000000033318         K000000000000000000000000000000000000000000000000000000000000000000000000000000000000003331800000000000000000000000000                          H50000000020170403                                                          000020
1            A38RSQ000002                      172025740                                                    063103170000002574COMPE               3103170000000015000         K000000000000000000000000000000000000000000000000000000000000000000000000000000000000001500000000000000000000000000000                          H50000000020170403                                                          000021
1            A38RST000002                      172026070                                                    063103170000002607COMPE               3103170000000015000         K000000000000000000000000000000000000000000000000000000000000000000000000000000000000001500000000000000000000000000000                          H50000000020170403                                                          000022
1            A39K4K000001                      172029150                                                    063103170000002915COMPE               3103170000000041555         K000000000000000000000000000000000000000000000000000000000000000000000000000000000000004155500000000000000000000000000                          H50000000020170403                                                          000023
1            A38RC8000001                      172029703                                                    063103170000002970COMPE               3103170000000061610         K000000000000000000000000000000000000000000000000000000000000000000000000000000000000005960000000000000000000000000000                          H50000000020170403                                                          000024
1            A38RBO000002                      172030361                                                    063103170000003036COMPE               3103170000000054925         K000000000000000000000000000000000000000000000000000000000000000000000000000000000000005492500000000000000000000000000                          H50000000020170403                                                          000025
1            A38RDK000002                      172030698                                                    063103170000003069COMPE               3103170000000074980         K000000000000000000000000000000000000000000000000000000000000000000000000000000000000007498000000000000000000000000000                          H50000000020170403                                                          000026
1            A38RTG000002                      172030809                                                    063103170000003080COMPE               3103170000000021500         K000000000000000000000000000000000000000000000000000000000000000000000000000000000000002150000000000000000000000000000                          H50000000020170403                                                          000027
1            A39K4N000002                      172030914                                                    063103170000003091COMPE               3103170000000021500         K000000000000000000000000000000000000000000000000000000000000000000000000000000000000002150000000000000000000000000000                          H50000000020170403                                                          000028
1            A39K4R000002                      172031686                                                    063103170000003168COMPE               3103170000000068295         K000000000000000000000000000000000000000000000000000000000000000000000000000000000000006829500000000000000000000000000                          H50000000020170403                                                          000029
1            A38RMI000002                      172031902                                                    063103170000003190COMPE               3103170000000074980         K000000000000000000000000000000000000000000000000000000000000000000000000000000000000007498000000000000000000000000000                          H50000000020170403                                                          000030
1            A38RMG000001                      172032232                                                    063103170000003223COMPE               3103170000000054925         K000000000000000000000000000000000000000000000000000000000000000000000000000000000000005492500000000000000000000000000                          H50000000020170403                                                          000031
1            A38RD2000002                      172032780                                                    063103170000003278COMPE               3103170000000054925         K000000000000000000000000000000000000000000000000000000000000000000000000000000000000005492500000000000000000000000000                          H50000000020170403                                                          000032
1            A38RT2000002                      172033778                                                    063103170000003377COMPE               3103170000000021500         K000000000000000000000000000000000000000000000000000000000000000000000000000000000000002150000000000000000000000000000                          H50000000020170403                                                          000033
1            A39M32000002                      172042122                                                    063103170000004212COMPE               3103170000000076060         K000000000000000000000000000000000000000000000000000000000000000000000000000000000000007606000000000000000000000000000                          H50000000020170403                                                          000034
1            A39K4Z000002                      172042661                                                    063103170000004266COMPE               3103170000000021500         K000000000000000000000000000000000000000000000000000000000000000000000000000000000000002150000000000000000000000000000                          H50000000020170403                                                          000035
1            A39KEF000002                      172303481                                                    063103170000030348COMPE               3103170000000110268         K000000000000000000000000000000000000000000000000000000000000000000000000000000000000011026800000000000000000000000000                          H50000000020170403                                                          000036
1            A39KEE000002                      172304488                                                    063103170000030448COMPE               3103170000000104583         K000000000000000000000000000000000000000000000000000000000000000000000000000000000000010458300000000000000000000000000                          H50000000020170403                                                          000037
1            A39KDP000002                      172304674                                                    063103170000030467COMPE               3103170000000104583         K000000000000000000000000000000000000000000000000000000000000000000000000000000000000010458300000000000000000000000000                          H50000000020170403                                                          000038
1            A38RN3000001                      172306375                                                    063103170000030637COMPE               3103170000000104583         K000000000000000000000000000000000000000000000000000000000000000000000000000000000000010458300000000000000000000000000                          H50000000020170403                                                          000039
1            A39KF1000001                      172307983                                                    063103170000030798COMPE               3103170000000081845         K000000000000000000000000000000000000000000000000000000000000000000000000000000000000008184500000000000000000000000000                          H50000000020170403                                                          000040
1            A38RDB000002                      172310704                                                    063103170000031070COMPE               3103170000000054925         K000000000000000000000000000000000000000000000000000000000000000000000000000000000000005325000000000000000000000000000                          H50000000020170403                                                          000041
1            A39KF6000002                      172306774                                                    283103170000030677                    3103170000000104583         K000000000011500000000000000000000000000000000000000000000000000000000000000000000000000011500000000000000000000000000                          B30000000020170331                                                          000042
1            A38RA5000002                      172021125                                                    283103170000002112                    3103170000000060795         K000000000011500000000000000000000000000000000000000000000000000000000000000000000000000011500000000000000000000000000                          B30000000020170331                                                          000043
1            A39K0A000002                      172002759                                                    283103170000000275                    3103170000000060795         K000000000011500000000000000000000000000000000000000000000000000000000000000000000000000011500000000000000000000000000                          B30000000020170331                                                          000044
1            A39K0E000002                      172003305                                                    283103170000000330                    3103170000000060795         K000000000011500000000000000000000000000000000000000000000000000000000000000000000000000011500000000000000000000000000                          B30000000020170331                                                          000045
1            A39K0P000002                      172004735                                                    283103170000000473                    3103170000000063848         K000000000011500000000000000000000000000000000000000000000000000000000000000000000000000011500000000000000000000000000                          B30000000020170331                                                          000046
1            A39K0T000002                      172005170                                                    283103170000000517                    3103170000000045530         K000000000011500000000000000000000000000000000000000000000000000000000000000000000000000011500000000000000000000000000                          B30000000020170331                                                          000047
1            A39K1E000002                      172007920                                                    283103170000000792                    3103170000000063848         K000000000011500000000000000000000000000000000000000000000000000000000000000000000000000011500000000000000000000000000                          B30000000020170331                                                          000048
1            A39K21000001                      172011006                                                    283103170000001100                    3103170000000063848         K000000000011500000000000000000000000000000000000000000000000000000000000000000000000000011500000000000000000000000000                          B30000000020170331                                                          000049
1            A39K23000001                      172011227                                                    283103170000001122                    3103170000000063848         K000000000011500000000000000000000000000000000000000000000000000000000000000000000000000011500000000000000000000000000                          B30000000020170331                                                          000050
1            A39K2L000001                      172013530                                                    283103170000001353                    3103170000000063848         K000000000011500000000000000000000000000000000000000000000000000000000000000000000000000011500000000000000000000000000                          B30000000020170331                                                          000051
1            A39K2N000002                      172013750                                                    283103170000001375                    3103170000000015000         K000000000011500000000000000000000000000000000000000000000000000000000000000000000000000011500000000000000000000000000                          B30000000020170331                                                          000052
1            A39K34000002                      172016067                                                    283103170000001606                    3103170000000063848         K000000000011500000000000000000000000000000000000000000000000000000000000000000000000000011500000000000000000000000000                          B30000000020170331                                                          000053
1            A39K36000002                      172016393                                                    283103170000001639                    3103170000000066901         K000000000011500000000000000000000000000000000000000000000000000000000000000000000000000011500000000000000000000000000                          B30000000020170331                                                          000054
1            A39K3H000001                      172018043                                                    283103170000001804                    3103170000000063848         K000000000011500000000000000000000000000000000000000000000000000000000000000000000000000011500000000000000000000000000                          B30000000020170331                                                          000055
1            A39K34000002                      172019694                                                    283103170000001969                    3103170000000063848         K000000000011500000000000000000000000000000000000000000000000000000000000000000000000000011500000000000000000000000000                          B30000000020170331                                                          000056
1            A38R9U000002                      172019910                                                    283103170000001991                    3103170000000063848         K000000000011500000000000000000000000000000000000000000000000000000000000000000000000000011500000000000000000000000000                          B30000000020170331                                                          000057
1            A38RAQ000002                      172023543                                                    283103170000002354                    3103170000000060795         K000000000011500000000000000000000000000000000000000000000000000000000000000000000000000011500000000000000000000000000                          B30000000020170331                                                          000058
1            A39K4A000002                      172024868                                                    283103170000002486                    3103170000000057742         K000000000011500000000000000000000000000000000000000000000000000000000000000000000000000011500000000000000000000000000                          B30000000020170331                                                          000059
1            A38RAZ000002                      172025520                                                    283103170000002552                    3103170000000033318         K000000000011500000000000000000000000000000000000000000000000000000000000000000000000000011500000000000000000000000000                          B30000000020170331                                                          000060
1            A38RSQ000002                      172025740                                                    283103170000002574                    3103170000000015000         K000000000011500000000000000000000000000000000000000000000000000000000000000000000000000011500000000000000000000000000                          B30000000020170331                                                          000061
1            A38RST000002                      172026070                                                    283103170000002607                    3103170000000015000         K000000000011500000000000000000000000000000000000000000000000000000000000000000000000000011500000000000000000000000000                          B30000000020170331                                                          000062
1            A39K4K000001                      172029150                                                    283103170000002915                    3103170000000041555         K000000000011500000000000000000000000000000000000000000000000000000000000000000000000000011500000000000000000000000000                          B30000000020170331                                                          000063
1            A38RC8000001                      172029703                                                    283103170000002970                    3103170000000061610         K000000000011500000000000000000000000000000000000000000000000000000000000000000000000000011500000000000000000000000000                          B30000000020170331                                                          000064
1            A38RBO000002                      172030361                                                    283103170000003036                    3103170000000054925         K000000000011500000000000000000000000000000000000000000000000000000000000000000000000000011500000000000000000000000000                          B30000000020170331                                                          000065
1            A38RDK000002                      172030698                                                    283103170000003069                    3103170000000074980         K000000000011500000000000000000000000000000000000000000000000000000000000000000000000000011500000000000000000000000000                          B30000000020170331                                                          000066
1            A38RTG000002                      172030809                                                    283103170000003080                    3103170000000021500         K000000000011500000000000000000000000000000000000000000000000000000000000000000000000000011500000000000000000000000000                          B30000000020170331                                                          000067
1            A39K4N000002                      172030914                                                    283103170000003091                    3103170000000021500         K000000000011500000000000000000000000000000000000000000000000000000000000000000000000000011500000000000000000000000000                          B30000000020170331                                                          000068
1            A39K4R000002                      172031686                                                    283103170000003168                    3103170000000068295         K000000000011500000000000000000000000000000000000000000000000000000000000000000000000000011500000000000000000000000000                          B30000000020170331                                                          000069
1            A38RMI000002                      172031902                                                    283103170000003190                    3103170000000074980         K000000000011500000000000000000000000000000000000000000000000000000000000000000000000000011500000000000000000000000000                          B30000000020170331                                                          000070
1            A38RMG000001                      172032232                                                    283103170000003223                    3103170000000054925         K000000000011500000000000000000000000000000000000000000000000000000000000000000000000000011500000000000000000000000000                          B30000000020170331                                                          000071
1            A38RD2000002                      172032780                                                    283103170000003278                    3103170000000054925         K000000000011500000000000000000000000000000000000000000000000000000000000000000000000000011500000000000000000000000000                          B30000000020170331                                                          000072
1            A38RT2000002                      172033778                                                    283103170000003377                    3103170000000021500         K000000000011500000000000000000000000000000000000000000000000000000000000000000000000000011500000000000000000000000000                          B30000000020170331                                                          000073
1            A39M32000002                      172042122                                                    283103170000004212                    3103170000000076060         K000000000011500000000000000000000000000000000000000000000000000000000000000000000000000011500000000000000000000000000                          B30000000020170331                                                          000074
1            A39K4Z000002                      172042661                                                    283103170000004266                    3103170000000021500         K000000000011500000000000000000000000000000000000000000000000000000000000000000000000000011500000000000000000000000000                          B30000000020170331                                                          000075
1            A39KEF000002                      172303481                                                    283103170000030348                    3103170000000110268         K000000000011500000000000000000000000000000000000000000000000000000000000000000000000000011500000000000000000000000000                          B30000000020170331                                                          000076
1            A39KEE000002                      172304488                                                    283103170000030448                    3103170000000104583         K000000000011500000000000000000000000000000000000000000000000000000000000000000000000000011500000000000000000000000000                          B30000000020170331                                                          000077
1            A39KDP000002                      172304674                                                    283103170000030467                    3103170000000104583         K000000000011500000000000000000000000000000000000000000000000000000000000000000000000000011500000000000000000000000000                          B30000000020170331                                                          000078
1            A38RN3000001                      172306375                                                    283103170000030637                    3103170000000104583         K000000000011500000000000000000000000000000000000000000000000000000000000000000000000000011500000000000000000000000000                          B30000000020170331                                                          000079
1            A39KF1000001                      172307983                                                    283103170000030798                    3103170000000081845         K000000000011500000000000000000000000000000000000000000000000000000000000000000000000000011500000000000000000000000000                          B30000000020170331                                                          000080
1            A38RDB000002                      172310704                                                    283103170000031070                    3103170000000054925         K000000000011500000000000000000000000000000000000000000000000000000000000000000000000000011500000000000000000000000000                          B30000000020170331                                                          000081
1            C0000000000                       172002643                                                    06310317          COMPE                     0000000057742                                                              00000000000000000000000000000000005774200000000000000000000000000                          H5        20170403                                                          000082
1            C0000000000                       172002643                                                    28310317          COMPE                     0000000000115                                                              00000000000000000000000000000000005774200000000000000000000000000                          B3        20170331                                                          000083
1            C0000000000                       172011332                                                    06310317          COMPE                     0000000015000                                                              00000000000000000000000000000000001500000000000000000000000000000                          H5        20170403                                                          000084
1            C0000000000                       172011332                                                    28310317          COMPE                     0000000000115                                                              00000000000000000000000000000000001500000000000000000000000000000                          B3        20170331                                                          000085
1            C0000000000                       172013319                                                    06310317          COMPE                     0000000051636                                                              00000000000000000000000000000000005163600000000000000000000000000                          H5        20170403                                                          000086
1            C0000000000                       172013319                                                    28310317          COMPE                     0000000000115                                                              00000000000000000000000000000000005163600000000000000000000000000                          B3        20170331                                                          000087
1            C0000000000                       172036300                                                    06310317          COMPE                     0000000074980                                                              00000000000000000000000000000000007498000000000000000000000000000                          H5        20170403                                                          000088
1            C0000000000                       172036300                                                    28310317          COMPE                     0000000000115                                                              00000000000000000000000000000000007498000000000000000000000000000                          B3        20170331                                                          000089
9274826431                                                                                                                                                                                                                                                                                                                                                                                                000090
