02RETORNO01COBRANCA       2643103361110000177                               748BANSICREDI     20170428        0000150                                                                                                                                                                                                                                                                                 1.00000001
1            C0000000000                       172037404                                                    06270417          090312                    0000000021500                                                              00000000000000000000000000000000002214500000000000000000000000645                          00        20170428                                                          000002
1            C0000000000                       172037404                                                    28270417          090312                    0000000000115                                                              00000000000000000000000000000000002214500000000000000000000000645                          B3        20170427                                                          000003
1            C0000000000                       172037390                                                    06270417          090312                    0000000021500                                                              00000000000000000000000000000000002236000000000000000000000000860                          00        20170428                                                          000004
1            C0000000000                       172037390                                                    28270417          090312                    0000000000115                                                              00000000000000000000000000000000002236000000000000000000000000860                          B3        20170427                                                          000005
1            C0000000000                       172037412                                                    06270417          COMPE                     0000000021500                                                              00000000000000000000000000000000002150000000000000000000000000000                          H5        20170428                                                          000006
1            C0000000000                       172037412                                                    28270417          COMPE                     0000000000115                                                              00000000000000000000000000000000002150000000000000000000000000000                          B3        20170427                                                          000007
9274826431                                                                                                                                                                                                                                                                                                                                                                                                000008
