02RETORNO01COBRANCA       2643103361110000177                               748BANSICREDI     20170620        0000183                                                                                                                                                                                                                                                                                 1.00000001
1            C0000000000                       172004115                                                    06190617          090315                    0000000066901                                                              00000000000000000000002601000000006430000000000000000000000000000                          00        20170620                                                          000002
1            C0000000000                       172004115                                                    28190617          090315                    0000000000115                                                              00000000000000000000002601000000006430000000000000000000000000000                          B3        20170619                                                          000003
9274826431                                                                                                                                                                                                                                                                                                                                                                                                000004
