02RETORNO01COBRANCA       2643103361110000177                               748BANSICREDI     20170324        0000128                                                                                                                                                                                                                                                                                 1.00000001
1            A38RAE000002                      172022121                                                    062303170000002212COMPE               3004170000000063848         K000000000000000000000000000000000000000000000000000000000000000000000000000000000000006140000000000000000000000000000                          H50000000020170324                                                          000002
1            A38RAE000002                      172022121                                                    282303170000002212                    3004170000000063848         K000000000011500000000000000000000000000000000000000000000000000000000000000000000000000011500000000000000000000000000                          B30000000020170323                                                          000003
9274826431                                                                                                                                                                                                                                                                                                                                                                                                000004
