02RETORNO01COBRANCA       2643103361110000177                               748BANSICREDI     20170404        0000135                                                                                                                                                                                                                                                                                 1.00000001
1            A39K4X000002                      172033891                                                    060304170000003389090302              3004170000000061610         K000000000000000000000000000000000000000000000000000000000000000000000000002010000000005960000000000000000000000000000                          000000000020170404                                                          000002
1            A39KE3000002                      172309609                                                    060304170000030960091405              3004170000000127321         K000000000000000000000000000000000000000000000000000000000000000000000000005121000000012220000000000000000000000000000                          000000000020170404                                                          000003
1            A39KPE000002                      172040154                                                    060304170000004015090325              3103170000000069954         K000000000000000000000000000000000000000000000000000000000000000000000000000000000000007137400000000000210000000001399                          000000000020170404                                                          000004
1            A39KPE000002                      172040146                                                    060304170000004014090325              2802170000000069954         K000000000000000000000000000000000000000000000000000000000000000000000000000000000000007159100000000002380000000001399                          000000000020170404                                                          000005
1            A39K1I000002                      172008366                                                    060304170000000836090312              3103170000000063848         K000000000000000000000000000000000000000000000000000000000000000000000000000000000000006518100000000000570000000001276                          000000000020170404                                                          000006
1            A38RCF000002                      172032127                                                    060304170000003212090302              3103170000000074980         K000000000000000000000000000000000000000000000000000000000000000000000000000000000000007654600000000000670000000001499                          000000000020170404                                                          000007
1            A39K01000002                      172001663                                                    060304170000000166COMPE               3004170000000033318         K000000000000000000000000000000000000000000000000000000000000000000000000000000000000003240000000000000000000000000000                          H50000000020170404                                                          000008
1            A39K08000002                      172002430                                                    060304170000000243COMPE               3004170000000051636         K000000000000000000000000000000000000000000000000000000000000000000000000000000000000004980000000000000000000000000000                          H50000000020170404                                                          000009
1            A39K1P000002                      172009257                                                    060304170000000925COMPE               3004170000000063848         K000000000000000000000000000000000000000000000000000000000000000000000000000000000000006140000000000000000000000000000                          H50000000020170404                                                          000010
1            A38RB9000002                      172027409                                                    060304170000002740COMPE               3004170000000045530         K000000000000000000000000000000000000000000000000000000000000000000000000000000000000004400000000000000000000000000000                          H50000000020170404                                                          000011
1            A39K59000002                      172036866                                                    060304170000003686COMPE               3004170000000064953         K000000000000000000000000000000000000000000000000000000000000000000000000000000000000006277500000000000000000000000000                          H50000000020170404                                                          000012
1            A38RC4000002                      172039610                                                    060304170000003961COMPE               3004170000000064953         K000000000000000000000000000000000000000000000000000000000000000000000000000000000000006277500000000000000000000000000                          H50000000020170404                                                          000013
1            A39KDO000002                      172302582                                                    060304170000030258COMPE               3004170000000104583         K000000000000000000000000000000000000000000000000000000000000000000000000000000000000010060000000000000000000000000000                          H50000000020170404                                                          000014
1            A39K4X000002                      172033891                                                    280304170000003389                    3004170000000061610         K000000000011500000000000000000000000000000000000000000000000000000000000000000000000000011500000000000000000000000000                          B30000000020170403                                                          000015
1            A39KE3000002                      172309609                                                    280304170000030960                    3004170000000127321         K000000000011500000000000000000000000000000000000000000000000000000000000000000000000000011500000000000000000000000000                          B30000000020170403                                                          000016
1            A39KPE000002                      172040154                                                    280304170000004015                    3103170000000069954         K000000000011500000000000000000000000000000000000000000000000000000000000000000000000000011500000000000000000000000000                          B30000000020170403                                                          000017
1            A39KPE000002                      172040146                                                    280304170000004014                    2802170000000069954         K000000000011500000000000000000000000000000000000000000000000000000000000000000000000000011500000000000000000000000000                          B30000000020170403                                                          000018
1            A39K1I000002                      172008366                                                    280304170000000836                    3103170000000063848         K000000000011500000000000000000000000000000000000000000000000000000000000000000000000000011500000000000000000000000000                          B30000000020170403                                                          000019
1            A38RCF000002                      172032127                                                    280304170000003212                    3103170000000074980         K000000000011500000000000000000000000000000000000000000000000000000000000000000000000000011500000000000000000000000000                          B30000000020170403                                                          000020
1            A39K01000002                      172001663                                                    280304170000000166                    3004170000000033318         K000000000011500000000000000000000000000000000000000000000000000000000000000000000000000011500000000000000000000000000                          B30000000020170403                                                          000021
1            A39K08000002                      172002430                                                    280304170000000243                    3004170000000051636         K000000000011500000000000000000000000000000000000000000000000000000000000000000000000000011500000000000000000000000000                          B30000000020170403                                                          000022
1            A39K1P000002                      172009257                                                    280304170000000925                    3004170000000063848         K000000000011500000000000000000000000000000000000000000000000000000000000000000000000000011500000000000000000000000000                          B30000000020170403                                                          000023
1            A38RB9000002                      172027409                                                    280304170000002740                    3004170000000045530         K000000000011500000000000000000000000000000000000000000000000000000000000000000000000000011500000000000000000000000000                          B30000000020170403                                                          000024
1            A39K59000002                      172036866                                                    280304170000003686                    3004170000000064953         K000000000011500000000000000000000000000000000000000000000000000000000000000000000000000011500000000000000000000000000                          B30000000020170403                                                          000025
1            A38RC4000002                      172039610                                                    280304170000003961                    3004170000000064953         K000000000011500000000000000000000000000000000000000000000000000000000000000000000000000011500000000000000000000000000                          B30000000020170403                                                          000026
1            A39KDO000002                      172302582                                                    280304170000030258                    3004170000000104583         K000000000011500000000000000000000000000000000000000000000000000000000000000000000000000011500000000000000000000000000                          B30000000020170403                                                          000027
9274826431                                                                                                                                                                                                                                                                                                                                                                                                000028
