02RETORNO01COBRANCA       2643103361110000177                               748BANSICREDI     20170518        0000163                                                                                                                                                                                                                                                                                 1.00000001
1            A38RAZ000002                      172025538                                                    061705170000002553090312              3004170000000033318         K000000000000000000000000000000000000000000000000000000000000000000000000000000000000003400100000000000170000000000666                          000000000020170518                                                          000002
1            A38RAZ000002                      172025538                                                    281705170000002553                    3004170000000033318         K000000000011500000000000000000000000000000000000000000000000000000000000000000000000000011500000000000000000000000000                          B30000000020170517                                                          000003
1            C0000000000                       172004093                                                    06170517          090315                    0000000066901                                                              00000000000000000000000000000000006430000000000000000000000000000                          00        20170518                                                          000004
1            C0000000000                       172004093                                                    28170517          090315                    0000000000115                                                              00000000000000000000000000000000006430000000000000000000000000000                          B3        20170517                                                          000005
9274826431                                                                                                                                                                                                                                                                                                                                                                                                000006
