02RETORNO01COBRANCA       2643103361110000177                               748BANSICREDI     20170522        0000164                                                                                                                                                                                                                                                                                 1.00000001
1            A39K0E000002                      172003321                                                    061905170000000332COMPE               3105170000000060795         K000000000000000000000000000000000000000000000000000000000000000000000000000000000000006079500000000000000000000000000                          H50000000020170522                                                          000002
1            A39K0E000002                      172003321                                                    281905170000000332                    3105170000000060795         K000000000011500000000000000000000000000000000000000000000000000000000000000000000000000011500000000000000000000000000                          B30000000020170519                                                          000003
9274826431                                                                                                                                                                                                                                                                                                                                                                                                000004
