02RETORNO01COBRANCA       2643103361110000177                               748BANSICREDI     20170517        0000162                                                                                                                                                                                                                                                                                 1.00000001
1            A39K3Y000002                      172022679                                                    061605170000002267090325              3004170000000015000         K000000000000000000000000000000000000000000000000000000000000000000000000000000000000001534800000000000480000000000300                          000000000020170517                                                          000002
1            A39K3Y000002                      172022687                                                    061605170000002268090325              3105170000000015000         K000000000000000000000000000000000000000000000000000000000000000000000000000000000000001500000000000000000000000000000                          000000000020170517                                                          000003
1            A39K3Y000002                      172022679                                                    281605170000002267                    3004170000000015000         K000000000011500000000000000000000000000000000000000000000000000000000000000000000000000011500000000000000000000000000                          B30000000020170516                                                          000004
1            A39K3Y000002                      172022687                                                    281605170000002268                    3105170000000015000         K000000000011500000000000000000000000000000000000000000000000000000000000000000000000000011500000000000000000000000000                          B30000000020170516                                                          000005
9274826431                                                                                                                                                                                                                                                                                                                                                                                                000006
