02RETORNO01COBRANCA       2643103361110000177                               748BANSICREDI     20170529        0000168                                                                                                                                                                                                                                                                                 1.00000001
1            C0000000000                       172004107                                                    06260517          090315                    0000000066901                                                              00000000000000000000002601000000006430000000000000000000000000000                          00        20170529                                                          000002
1            C0000000000                       172004107                                                    28260517          090315                    0000000000115                                                              00000000000000000000002601000000006430000000000000000000000000000                          B3        20170526                                                          000003
9274826431                                                                                                                                                                                                                                                                                                                                                                                                000004
