02RETORNO01COBRANCA       2643103361110000177                               748BANSICREDI     20170504        0000153                                                                                                                                                                                                                                                                                 1.00000001
1            A39K4X000002                      172033905                                                    060305170000003390090302              3105170000000061610         K000000000000000000000000000000000000000000000000000000000000000000000000002010000000005960000000000000000000000000000                          000000000020170504                                                          000002
1            A39KE3000002                      172309617                                                    060305170000030961091405              3105170000000127321         K000000000000000000000000000000000000000000000000000000000000000000000000005121000000012220000000000000000000000000000                          000000000020170504                                                          000003
1            A39K01000002                      172001671                                                    060305170000000167COMPE               3105170000000033318         K000000000000000000000000000000000000000000000000000000000000000000000000000000000000003240000000000000000000000000000                          H50000000020170504                                                          000004
1            A39K0Q000002                      172004867                                                    060305170000000486COMPE               3105170000000045530         K000000000000000000000000000000000000000000000000000000000000000000000000000000000000004400000000000000000000000000000                          H50000000020170504                                                          000005
1            A39K1X000002                      172010255                                                    060305170000001025COMPE               3105170000000045530         K000000000000000000000000000000000000000000000000000000000000000000000000000000000000004400000000000000000000000000000                          H50000000020170504                                                          000006
1            A38RCX000002                      172010808                                                    060305170000001080COMPE               3105170000000015000         K000000000000000000000000000000000000000000000000000000000000000000000000000000000000001500000000000000000000000000000                          H50000000020170504                                                          000007
1            A39K2O000002                      172013882                                                    060305170000001388COMPE               3105170000000060795         K000000000000000000000000000000000000000000000000000000000000000000000000000000000000005850000000000000000000000000000                          H50000000020170504                                                          000008
1            A39K3F000002                      172017403                                                    060305170000001740COMPE               3105170000000057742         K000000000000000000000000000000000000000000000000000000000000000000000000000000000000005560000000000000000000000000000                          H50000000020170504                                                          000009
1            A39K3I000002                      172018396                                                    060305170000001839COMPE               3105170000000063848         K000000000000000000000000000000000000000000000000000000000000000000000000000000000000006140000000000000000000000000000                          H50000000020170504                                                          000010
1            A38RB2000002                      172021583                                                    060305170000002158COMPE               3105170000000045530         K000000000000000000000000000000000000000000000000000000000000000000000000000000000000004400000000000000000000000000000                          H50000000020170504                                                          000011
1            A38RAK000002                      172022792                                                    060305170000002279COMPE               3105170000000060795         K000000000000000000000000000000000000000000000000000000000000000000000000000000000000005850000000000000000000000000000                          H50000000020170504                                                          000012
1            A38RBA000002                      172027522                                                    060305170000002752COMPE               3105170000000033318         K000000000000000000000000000000000000000000000000000000000000000000000000000000000000003240000000000000000000000000000                          H50000000020170504                                                          000013
1            A38RBE000002                      172027859                                                    060305170000002785COMPE               3105170000000045530         K000000000000000000000000000000000000000000000000000000000000000000000000000000000000004400000000000000000000000000000                          H50000000020170504                                                          000014
1            A38RBY000002                      172033131                                                    060305170000003313COMPE               3105170000000068295         K000000000000000000000000000000000000000000000000000000000000000000000000000000000000006595000000000000000000000000000                          H50000000020170504                                                          000015
1            A38RC4000002                      172039628                                                    060305170000003962COMPE               3105170000000064953         K000000000000000000000000000000000000000000000000000000000000000000000000000000000000006277500000000000000000000000000                          H50000000020170504                                                          000016
1            A39KEM000002                      172308300                                                    060305170000030830COMPE               3105170000000081845         K000000000000000000000000000000000000000000000000000000000000000000000000000000000000007900000000000000000000000000000                          H50000000020170504                                                          000017
1            A38RCX000002                      172311948                                                    060305170000031194COMPE               3105170000000074980         K000000000000000000000000000000000000000000000000000000000000000000000000000000000000007230000000000000000000000000000                          H50000000020170504                                                          000018
1            A39K4X000002                      172033905                                                    280305170000003390                    3105170000000061610         K000000000011500000000000000000000000000000000000000000000000000000000000000000000000000011500000000000000000000000000                          B30000000020170503                                                          000019
1            A39KE3000002                      172309617                                                    280305170000030961                    3105170000000127321         K000000000011500000000000000000000000000000000000000000000000000000000000000000000000000011500000000000000000000000000                          B30000000020170503                                                          000020
1            A39K01000002                      172001671                                                    280305170000000167                    3105170000000033318         K000000000011500000000000000000000000000000000000000000000000000000000000000000000000000011500000000000000000000000000                          B30000000020170503                                                          000021
1            A39K0Q000002                      172004867                                                    280305170000000486                    3105170000000045530         K000000000011500000000000000000000000000000000000000000000000000000000000000000000000000011500000000000000000000000000                          B30000000020170503                                                          000022
1            A39K1X000002                      172010255                                                    280305170000001025                    3105170000000045530         K000000000011500000000000000000000000000000000000000000000000000000000000000000000000000011500000000000000000000000000                          B30000000020170503                                                          000023
1            A38RCX000002                      172010808                                                    280305170000001080                    3105170000000015000         K000000000011500000000000000000000000000000000000000000000000000000000000000000000000000011500000000000000000000000000                          B30000000020170503                                                          000024
1            A39K2O000002                      172013882                                                    280305170000001388                    3105170000000060795         K000000000011500000000000000000000000000000000000000000000000000000000000000000000000000011500000000000000000000000000                          B30000000020170503                                                          000025
1            A39K3F000002                      172017403                                                    280305170000001740                    3105170000000057742         K000000000011500000000000000000000000000000000000000000000000000000000000000000000000000011500000000000000000000000000                          B30000000020170503                                                          000026
1            A39K3I000002                      172018396                                                    280305170000001839                    3105170000000063848         K000000000011500000000000000000000000000000000000000000000000000000000000000000000000000011500000000000000000000000000                          B30000000020170503                                                          000027
1            A38RB2000002                      172021583                                                    280305170000002158                    3105170000000045530         K000000000011500000000000000000000000000000000000000000000000000000000000000000000000000011500000000000000000000000000                          B30000000020170503                                                          000028
1            A38RAK000002                      172022792                                                    280305170000002279                    3105170000000060795         K000000000011500000000000000000000000000000000000000000000000000000000000000000000000000011500000000000000000000000000                          B30000000020170503                                                          000029
1            A38RBA000002                      172027522                                                    280305170000002752                    3105170000000033318         K000000000011500000000000000000000000000000000000000000000000000000000000000000000000000011500000000000000000000000000                          B30000000020170503                                                          000030
1            A38RBE000002                      172027859                                                    280305170000002785                    3105170000000045530         K000000000011500000000000000000000000000000000000000000000000000000000000000000000000000011500000000000000000000000000                          B30000000020170503                                                          000031
1            A38RBY000002                      172033131                                                    280305170000003313                    3105170000000068295         K000000000011500000000000000000000000000000000000000000000000000000000000000000000000000011500000000000000000000000000                          B30000000020170503                                                          000032
1            A38RC4000002                      172039628                                                    280305170000003962                    3105170000000064953         K000000000011500000000000000000000000000000000000000000000000000000000000000000000000000011500000000000000000000000000                          B30000000020170503                                                          000033
1            A39KEM000002                      172308300                                                    280305170000030830                    3105170000000081845         K000000000011500000000000000000000000000000000000000000000000000000000000000000000000000011500000000000000000000000000                          B30000000020170503                                                          000034
1            A38RCX000002                      172311948                                                    280305170000031194                    3105170000000074980         K000000000011500000000000000000000000000000000000000000000000000000000000000000000000000011500000000000000000000000000                          B30000000020170503                                                          000035
1            C0000000000                       172312740                                                    06030517          090312                    0000000104583                                                              00000000000000000000003983000000010060000000000000000000000000000                          00        20170504                                                          000036
1            C0000000000                       172312740                                                    28030517          090312                    0000000000115                                                              00000000000000000000003983000000010060000000000000000000000000000                          B3        20170503                                                          000037
9274826431                                                                                                                                                                                                                                                                                                                                                                                                000038
