02RETORNO01COBRANCA       2643103361110000177                               748BANSICREDI     20170619        0000182                                                                                                                                                                                                                                                                                 1.00000001
1            A39L24000002                      172041720                                                    061606170000004172COMPE               3006170000000033318         K000000000000000000000000000000000000000000000000000000000000000000000000000000000000003331800000000000000000000000000                          H50000000020170619                                                          000002
1            A39L24000002                      172041720                                                    281606170000004172                    3006170000000033318         K000000000011500000000000000000000000000000000000000000000000000000000000000000000000000011500000000000000000000000000                          B30000000020170616                                                          000003
9274826431                                                                                                                                                                                                                                                                                                                                                                                                000004
