02RETORNO01COBRANCA       2643103361110000177                               748BANSICREDI     20170426        0000148                                                                                                                                                                                                                                                                                 1.00000001
1            A39K3W000002                      172021885                                                    062504170000002188090325              2802170000000045530         K000000000000000000000000000000000000000000000000000000000000000000000000000000000000004694400000000005040000000000910                          000000000020170426                                                          000002
1            A39K3W000002                      172021907                                                    062504170000002190090325              3004170000000045530         K000000000000000000000000000000000000000000000000000000000000000000000000000000000000004553000000000000000000000000000                          000000000020170426                                                          000003
1            A38RC7000002                      172035533                                                    062504170000003553090316              3103170000000048240         K000000000000000000000000000000000000000000000000000000000000000000000000000000000000004847400000000002250000000000000                          000000000020170426                                                          000004
1            A39KEW000002                      172307088                                                    062504170000030708090302              3004170000000081845         K000000000000000000000000000000000000000000000000000000000000000000000000000000000000008184500000000000000000000000000                          000000000020170426                                                          000005
1            A39K2S000001                      172014528                                                    062504170000001452090312              3103170000000063848         K000000000000000000000000000000000000000000000000000000000000000000000000000000000000006560200000000004790000000001276                          000000000020170426                                                          000006
1            A39K2S000001                      172014536                                                    062504170000001453090312              3004170000000063848         K000000000000000000000000000000000000000000000000000000000000000000000000000000000000006384800000000000000000000000000                          000000000020170426                                                          000007
1            A39K0S000002                      172005073                                                    062404170000000507COMPE               3004170000000015000         K000000000000000000000000000000000000000000000000000000000000000000000000000000000000001500000000000000000000000000000                          H50000000020170425                                                          000008
1            A39K3W000002                      172021885                                                    282504170000002188                    2802170000000045530         K000000000011500000000000000000000000000000000000000000000000000000000000000000000000000011500000000000000000000000000                          B30000000020170425                                                          000009
1            A39K3W000002                      172021907                                                    282504170000002190                    3004170000000045530         K000000000011500000000000000000000000000000000000000000000000000000000000000000000000000011500000000000000000000000000                          B30000000020170425                                                          000010
1            A38RC7000002                      172035533                                                    282504170000003553                    3103170000000048240         K000000000011500000000000000000000000000000000000000000000000000000000000000000000000000011500000000000000000000000000                          B30000000020170425                                                          000011
1            A39KEW000002                      172307088                                                    282504170000030708                    3004170000000081845         K000000000011500000000000000000000000000000000000000000000000000000000000000000000000000011500000000000000000000000000                          B30000000020170425                                                          000012
1            A39K2S000001                      172014528                                                    282504170000001452                    3103170000000063848         K000000000011500000000000000000000000000000000000000000000000000000000000000000000000000011500000000000000000000000000                          B30000000020170425                                                          000013
1            A39K2S000001                      172014536                                                    282504170000001453                    3004170000000063848         K000000000011500000000000000000000000000000000000000000000000000000000000000000000000000011500000000000000000000000000                          B30000000020170425                                                          000014
1            A39K0S000002                      172005073                                                    282504170000000507                    3004170000000015000         K000000000011500000000000000000000000000000000000000000000000000000000000000000000000000011500000000000000000000000000                          B30000000020170425                                                          000015
1            A39K0U000002                      172043250                                                    022504170000004325                    2802170000000015000         K000000000000000000000000000000000000000000000000000000000000000000000000000000000000000000000000000000000000000000000                          0000000000                                                                  000016
1            A39K0U000002                      172043269                                                    022504170000004326                    3103170000000015000         K000000000000000000000000000000000000000000000000000000000000000000000000000000000000000000000000000000000000000000000                          0000000000                                                                  000017
1            A39K0U000002                      172043277                                                    022504170000004327                    3004170000000015000         K000000000000000000000000000000000000000000000000000000000000000000000000000000000000000000000000000000000000000000000                          0000000000                                                                  000018
1            A39K0U000002                      172043285                                                    022504170000004328                    3105170000000015000         K000000000000000000000000000000000000000000000000000000000000000000000000000000000000000000000000000000000000000000000                          0000000000                                                                  000019
1            A39K0U000002                      172043293                                                    022504170000004329                    3006170000000015000         K000000000000000000000000000000000000000000000000000000000000000000000000000000000000000000000000000000000000000000000                          0000000000                                                                  000020
1            A39K0U000002                      172043307                                                    022504170000004330                    3107170000000015000         K000000000000000000000000000000000000000000000000000000000000000000000000000000000000000000000000000000000000000000000                          0000000000                                                                  000021
1            A39K0U000002                      172043315                                                    022504170000004331                    3108170000000015000         K000000000000000000000000000000000000000000000000000000000000000000000000000000000000000000000000000000000000000000000                          0000000000                                                                  000022
1            A39K0U000002                      172043323                                                    022504170000004332                    3009170000000015000         K000000000000000000000000000000000000000000000000000000000000000000000000000000000000000000000000000000000000000000000                          0000000000                                                                  000023
1            A00000000002                      172042971                                                    032504170000004297                    3105170000000021500         K000000000000000000000000000000000000000000000000000000000000000000000000000000000000000000000000000000000000000000000                          4800000000                                                                  000024
1            A00000000002                      172042980                                                    032504170000004298                    3006170000000021500         K000000000000000000000000000000000000000000000000000000000000000000000000000000000000000000000000000000000000000000000                          4800000000                                                                  000025
1            A00000000002                      172042998                                                    032504170000004299                    3107170000000021500         K000000000000000000000000000000000000000000000000000000000000000000000000000000000000000000000000000000000000000000000                          4800000000                                                                  000026
1            A00000000002                      172043005                                                    032504170000004300                    3108170000000021500         K000000000000000000000000000000000000000000000000000000000000000000000000000000000000000000000000000000000000000000000                          4800000000                                                                  000027
1            A00000000002                      172043013                                                    032504170000004301                    3009170000000021500         K000000000000000000000000000000000000000000000000000000000000000000000000000000000000000000000000000000000000000000000                          4800000000                                                                  000028
1            A00000000002                      172043021                                                    032504170000004302                    3110170000000021500         K000000000000000000000000000000000000000000000000000000000000000000000000000000000000000000000000000000000000000000000                          4800000000                                                                  000029
1            A00000000002                      172043030                                                    032504170000004303                    3011170000000021500         K000000000000000000000000000000000000000000000000000000000000000000000000000000000000000000000000000000000000000000000                          4800000000                                                                  000030
1            A00000000002                      172043048                                                    032504170000004304                    3112170000000021500         K000000000000000000000000000000000000000000000000000000000000000000000000000000000000000000000000000000000000000000000                          4800000000                                                                  000031
1            A39PLG000002                      172043064                                                    022504170000004306                    3105170000000051941         K000000000000000000000000000000000000000000000000000000000000000000000000000000000000000000000000000000000000000000000                          0000000000                                                                  000032
1            A39PLG000002                      172043072                                                    022504170000004307                    3006170000000051941         K000000000000000000000000000000000000000000000000000000000000000000000000000000000000000000000000000000000000000000000                          0000000000                                                                  000033
1            A39PLG000002                      172043080                                                    022504170000004308                    3107170000000051941         K000000000000000000000000000000000000000000000000000000000000000000000000000000000000000000000000000000000000000000000                          0000000000                                                                  000034
1            A39PLG000002                      172043099                                                    022504170000004309                    3108170000000051941         K000000000000000000000000000000000000000000000000000000000000000000000000000000000000000000000000000000000000000000000                          0000000000                                                                  000035
1            A39PLG000002                      172043102                                                    022504170000004310                    3009170000000051941         K000000000000000000000000000000000000000000000000000000000000000000000000000000000000000000000000000000000000000000000                          0000000000                                                                  000036
1            A39PLG000002                      172043110                                                    022504170000004311                    3110170000000051941         K000000000000000000000000000000000000000000000000000000000000000000000000000000000000000000000000000000000000000000000                          0000000000                                                                  000037
1            A39PLG000002                      172043129                                                    022504170000004312                    3011170000000051941         K000000000000000000000000000000000000000000000000000000000000000000000000000000000000000000000000000000000000000000000                          0000000000                                                                  000038
1            A39PLG000002                      172043137                                                    022504170000004313                    3112170000000051941         K000000000000000000000000000000000000000000000000000000000000000000000000000000000000000000000000000000000000000000000                          0000000000                                                                  000039
1            A39K24000002                      172011561                                                    062504170000001156COMPE               3004170000000057742         K000000000000000000000000000000000000000000000000000000000000000000000000000000000000005774200000000000000000000000000                          H50000000020170426                                                          000040
1            A39K2I000002                      172013106                                                    062504170000001310COMPE               3004170000000063848         K000000000000000000000000000000000000000000000000000000000000000000000000000000000000006384800000000000000000000000000                          H50000000020170426                                                          000041
1            A38RAE000002                      172022130                                                    062504170000002213COMPE               3105170000000063848         K000000000000000000000000000000000000000000000000000000000000000000000000000000000000006140000000000000000000000000000                          H50000000020170426                                                          000042
1            A38RST000002                      172026089                                                    062504170000002608COMPE               3004170000000015000         K000000000000000000000000000000000000000000000000000000000000000000000000000000000000001500000000000000000000000000000                          H50000000020170426                                                          000043
1            A38RT2000002                      172033786                                                    062504170000003378COMPE               3004170000000021500         K000000000000000000000000000000000000000000000000000000000000000000000000000000000000002150000000000000000000000000000                          H50000000020170426                                                          000044
1            A39K24000002                      172011561                                                    282504170000001156                    3004170000000057742         K000000000011500000000000000000000000000000000000000000000000000000000000000000000000000011500000000000000000000000000                          B30000000020170425                                                          000045
1            A39K2I000002                      172013106                                                    282504170000001310                    3004170000000063848         K000000000011500000000000000000000000000000000000000000000000000000000000000000000000000011500000000000000000000000000                          B30000000020170425                                                          000046
1            A38RAE000002                      172022130                                                    282504170000002213                    3105170000000063848         K000000000011500000000000000000000000000000000000000000000000000000000000000000000000000011500000000000000000000000000                          B30000000020170425                                                          000047
1            A38RST000002                      172026089                                                    282504170000002608                    3004170000000015000         K000000000011500000000000000000000000000000000000000000000000000000000000000000000000000011500000000000000000000000000                          B30000000020170425                                                          000048
1            A38RT2000002                      172033786                                                    282504170000003378                    3004170000000021500         K000000000011500000000000000000000000000000000000000000000000000000000000000000000000000011500000000000000000000000000                          B30000000020170425                                                          000049
1            C0000000000                       172307282                                                    06250417          COMPE                     0000000115952                                                              00000000000000000000000000000000011595200000000000000000000000000                          H5        20170426                                                          000050
1            C0000000000                       172307282                                                    28250417          COMPE                     0000000000115                                                              00000000000000000000000000000000011595200000000000000000000000000                          B3        20170425                                                          000051
9274826431                                                                                                                                                                                                                                                                                                                                                                                                000052
