02RETORNO01COBRANCA       2643103361110000177                               748BANSICREDI     20170424        0000146                                                                                                                                                                                                                                                                                 1.00000001
1            A39K1L000002                      172008706                                                    062004170000000870090302              3004170000000051636         K000000000000000000000000000000000000000000000000000000000000000000000000000000000000005163600000000000000000000000000                          000000000020170424                                                          000002
1            A39K0D000002                      172003208                                                    062004170000000320COMPE               3004170000000015000         K000000000000000000000000000000000000000000000000000000000000000000000000000000000000001500000000000000000000000000000                          H50000000020170424                                                          000003
1            A39K2H000001                      172012991                                                    062004170000001299COMPE               3004170000000057742         K000000000000000000000000000000000000000000000000000000000000000000000000000000000000005774200000000000000000000000000                          H50000000020170424                                                          000004
1            A38RSU000001                      172026305                                                    062004170000002630COMPE               3004170000000015000         K000000000000000000000000000000000000000000000000000000000000000000000000000000000000001500000000000000000000000000000                          H50000000020170424                                                          000005
1            A38RSK000002                      172026631                                                    062004170000002663COMPE               3004170000000015000         K000000000000000000000000000000000000000000000000000000000000000000000000000000000000001500000000000000000000000000000                          H50000000020170424                                                          000006
1            A39K1L000002                      172008706                                                    282004170000000870                    3004170000000051636         K000000000011500000000000000000000000000000000000000000000000000000000000000000000000000011500000000000000000000000000                          B30000000020170420                                                          000007
1            A39K0D000002                      172003208                                                    282004170000000320                    3004170000000015000         K000000000011500000000000000000000000000000000000000000000000000000000000000000000000000011500000000000000000000000000                          B30000000020170420                                                          000008
1            A39K2H000001                      172012991                                                    282004170000001299                    3004170000000057742         K000000000011500000000000000000000000000000000000000000000000000000000000000000000000000011500000000000000000000000000                          B30000000020170420                                                          000009
1            A38RSU000001                      172026305                                                    282004170000002630                    3004170000000015000         K000000000011500000000000000000000000000000000000000000000000000000000000000000000000000011500000000000000000000000000                          B30000000020170420                                                          000010
1            A38RSK000002                      172026631                                                    282004170000002663                    3004170000000015000         K000000000011500000000000000000000000000000000000000000000000000000000000000000000000000011500000000000000000000000000                          B30000000020170420                                                          000011
9274826431                                                                                                                                                                                                                                                                                                                                                                                                000012
