02RETORNO01COBRANCA       2643103361110000177                               748BANSICREDI     20170612        0000178                                                                                                                                                                                                                                                                                 1.00000001
1            A39K14000002                      172006410                                                    060906170000000641090302              3006170000000057742         K000000000000000000000000000000000000000000000000000000000000000000000000002142000000005560000000000000000000000000000                          000000000020170612                                                          000002
1            A39KET000002                      172309927                                                    060906170000030992090312              3006170000000104583         K000000000000000000000000000000000000000000000000000000000000000000000000003983000000010060000000000000000000000000000                          000000000020170612                                                          000003
1            A38RB8000002                      172027093                                                    060906170000002709090312              3006170000000063848         K000000000000000000000000000000000000000000000000000000000000000000000000002448000000006140000000000000000000000000000                          000000000020170612                                                          000004
1            A39KE6000002                      172305611                                                    060906170000030561090312              3006170000000110268         K000000000000000000000000000000000000000000000000000000000000000000000000004268000000010600000000000000000000000000000                          000000000020170612                                                          000005
1            A39JZV000002                      172041940                                                    060906170000004194090323              3006170000000045530         K000000000000000000000000000000000000000000000000000000000000000000000000001530000000004400000000000000000000000000000                          000000000020170612                                                          000006
1            A39KES000002                      172305115                                                    060906170000030511090327              3006170000000110268         K000000000000000000000000000000000000000000000000000000000000000000000000004268000000010600000000000000000000000000000                          000000000020170612                                                          000007
1            A39K10000002                      172040731                                                    060906170000004073090302              3006170000000048848         K000000000000000000000000000000000000000000000000000000000000000000000000002448000000004640000000000000000000000000000                          000000000020170612                                                          000008
1            A39KF2000002                      172309005                                                    060906170000030900090302              3006170000000110268         K000000000000000000000000000000000000000000000000000000000000000000000000004268000000010600000000000000000000000000000                          000000000020170612                                                          000009
1            A38RBB000002                      172023136                                                    060906170000002313090325              3006170000000045530         K000000000000000000000000000000000000000000000000000000000000015300000000000000000000004400000000000000000000000000000                          000000000020170612                                                          000010
1            A39K2N000002                      172013777                                                    060906170000001377090316              3105170000000015000         K000000000000000000000000000000000000000000000000000000000000000000000000000000000000001503000000000000270000000000003                          000000000020170612                                                          000011
1            A39JZY000002                      172001132                                                    060906170000000113COMPE               3006170000000054689         K000000000000000000000000000000000000000000000000000000000000000000000000000000000000005270000000000000000000000000000                          H50000000020170612                                                          000012
1            A39K0E000002                      172003330                                                    060906170000000333COMPE               3006170000000060795         K000000000000000000000000000000000000000000000000000000000000000000000000000000000000005850000000000000000000000000000                          H50000000020170612                                                          000013
1            A39K13000002                      172006304                                                    060906170000000630COMPE               3006170000000045530         K000000000000000000000000000000000000000000000000000000000000000000000000000000000000004400000000000000000000000000000                          H50000000020170612                                                          000014
1            A39K25000002                      172011693                                                    060906170000001169COMPE               3006170000000045530         K000000000000000000000000000000000000000000000000000000000000000000000000000000000000004400000000000000000000000000000                          H50000000020170612                                                          000015
1            A39K38000002                      172016644                                                    060906170000001664COMPE               3006170000000063848         K000000000000000000000000000000000000000000000000000000000000000000000000000000000000006140000000000000000000000000000                          H50000000020170612                                                          000016
1            A38R9N000002                      172017969                                                    060906170000001796COMPE               3006170000000076060         K000000000000000000000000000000000000000000000000000000000000000000000000000000000000007300000000000000000000000000000                          H50000000020170612                                                          000017
1            A39K3I000002                      172018400                                                    060906170000001840COMPE               3006170000000063848         K000000000000000000000000000000000000000000000000000000000000000000000000000000000000006140000000000000000000000000000                          H50000000020170612                                                          000018
1            A39K4C000002                      172026763                                                    060906170000002676COMPE               3006170000000039424         K000000000000000000000000000000000000000000000000000000000000000000000000000000000000003820000000000000000000000000000                          H50000000020170612                                                          000019
1            A38RT8000002                      172028413                                                    060906170000002841COMPE               3006170000000021500         K000000000000000000000000000000000000000000000000000000000000000000000000000000000000002150000000000000000000000000000                          H50000000020170612                                                          000020
1            A38RCB000002                      172030612                                                    060906170000003061COMPE               3006170000000054925         K000000000000000000000000000000000000000000000000000000000000000000000000000000000000005325000000000000000000000000000                          H50000000020170612                                                          000021
1            A39K4P000002                      172031384                                                    060906170000003138COMPE               3006170000000068295         K000000000000000000000000000000000000000000000000000000000000000000000000000000000000006595000000000000000000000000000                          H50000000020170612                                                          000022
1            A39K4S000002                      172032046                                                    060906170000003204COMPE               3006170000000074980         K000000000000000000000000000000000000000000000000000000000000000000000000000000000000007230000000000000000000000000000                          H50000000020170612                                                          000023
1            A38RRT000002                      172034464                                                    060906170000003446COMPE               3006170000000088350         K000000000000000000000000000000000000000000000000000000000000000000000000000000000000008500000000000000000000000000000                          H50000000020170612                                                          000024
1            A39K59000002                      172036882                                                    060906170000003688COMPE               3006170000000064953         K000000000000000000000000000000000000000000000000000000000000000000000000000000000000006277500000000000000000000000000                          H50000000020170612                                                          000025
1            A39K5D000001                      172037650                                                    060906170000003765COMPE               3006170000000071638         K000000000000000000000000000000000000000000000000000000000000000000000000000000000000006912500000000000000000000000000                          H50000000020170612                                                          000026
1            A39K5K000002                      172039300                                                    060906170000003930COMPE               3006170000000088350         K000000000000000000000000000000000000000000000000000000000000000000000000000000000000008500000000000000000000000000000                          H50000000020170612                                                          000027
1            A39M32000002                      172042157                                                    060906170000004215COMPE               3006170000000076060         K000000000000000000000000000000000000000000000000000000000000000000000000000000000000007300000000000000000000000000000                          H50000000020170612                                                          000028
1            A39KEP000002                      172302515                                                    060906170000030251COMPE               3006170000000098899         K000000000000000000000000000000000000000000000000000000000000000000000000000000000000009520000000000000000000000000000                          H50000000020170612                                                          000029
1            A39KE8000002                      172303716                                                    060906170000030371COMPE               3006170000000084131         K000000000000000000000000000000000000000000000000000000000000000000000000000000000000007992000000000000000000000000000                          H50000000020170612                                                          000030
1            A39KE4000002                      172304216                                                    060906170000030421COMPE               3006170000000110268         K000000000000000000000000000000000000000000000000000000000000000000000000000000000000010600000000000000000000000000000                          H50000000020170612                                                          000031
1            A39KEN000002                      172306510                                                    060906170000030651COMPE               3006170000000081845         K000000000000000000000000000000000000000000000000000000000000000000000000000000000000007900000000000000000000000000000                          H50000000020170612                                                          000032
1            A38RO6000002                      172307711                                                    060906170000030771COMPE               3006170000000090952         K000000000000000000000000000000000000000000000000000000000000000000000000000000000000008640000000000000000000000000000                          H50000000020170612                                                          000033
1            A38RN8000002                      172309200                                                    060906170000030920COMPE               3006170000000068214         K000000000000000000000000000000000000000000000000000000000000000000000000000000000000006480000000000000000000000000000                          H50000000020170612                                                          000034
1            A39KEO000002                      172313738                                                    060906170000031373COMPE               3006170000000068214         K000000000000000000000000000000000000000000000000000000000000000000000000000000000000006480000000000000000000000000000                          H50000000020170612                                                          000035
1            A39KEG000002                      172316230                                                    060906170000031623COMPE               3006170000000085268         K000000000000000000000000000000000000000000000000000000000000000000000000000000000000008100000000000000000000000000000                          H50000000020170612                                                          000036
1            A39K14000002                      172006410                                                    280906170000000641                    3006170000000057742         K000000000011500000000000000000000000000000000000000000000000000000000000000000000000000011500000000000000000000000000                          B30000000020170609                                                          000037
1            A39KET000002                      172309927                                                    280906170000030992                    3006170000000104583         K000000000011500000000000000000000000000000000000000000000000000000000000000000000000000011500000000000000000000000000                          B30000000020170609                                                          000038
1            A38RB8000002                      172027093                                                    280906170000002709                    3006170000000063848         K000000000011500000000000000000000000000000000000000000000000000000000000000000000000000011500000000000000000000000000                          B30000000020170609                                                          000039
1            A39KE6000002                      172305611                                                    280906170000030561                    3006170000000110268         K000000000011500000000000000000000000000000000000000000000000000000000000000000000000000011500000000000000000000000000                          B30000000020170609                                                          000040
1            A39JZV000002                      172041940                                                    280906170000004194                    3006170000000045530         K000000000011500000000000000000000000000000000000000000000000000000000000000000000000000011500000000000000000000000000                          B30000000020170609                                                          000041
1            A39KES000002                      172305115                                                    280906170000030511                    3006170000000110268         K000000000011500000000000000000000000000000000000000000000000000000000000000000000000000011500000000000000000000000000                          B30000000020170609                                                          000042
1            A39K10000002                      172040731                                                    280906170000004073                    3006170000000048848         K000000000011500000000000000000000000000000000000000000000000000000000000000000000000000011500000000000000000000000000                          B30000000020170609                                                          000043
1            A39KF2000002                      172309005                                                    280906170000030900                    3006170000000110268         K000000000011500000000000000000000000000000000000000000000000000000000000000000000000000011500000000000000000000000000                          B30000000020170609                                                          000044
1            A38RBB000002                      172023136                                                    280906170000002313                    3006170000000045530         K000000000011500000000000000000000000000000000000000000000000000000000000000000000000000011500000000000000000000000000                          B30000000020170609                                                          000045
1            A39K2N000002                      172013777                                                    280906170000001377                    3105170000000015000         K000000000011500000000000000000000000000000000000000000000000000000000000000000000000000011500000000000000000000000000                          B30000000020170609                                                          000046
1            A39JZY000002                      172001132                                                    280906170000000113                    3006170000000054689         K000000000011500000000000000000000000000000000000000000000000000000000000000000000000000011500000000000000000000000000                          B30000000020170609                                                          000047
1            A39K0E000002                      172003330                                                    280906170000000333                    3006170000000060795         K000000000011500000000000000000000000000000000000000000000000000000000000000000000000000011500000000000000000000000000                          B30000000020170609                                                          000048
1            A39K13000002                      172006304                                                    280906170000000630                    3006170000000045530         K000000000011500000000000000000000000000000000000000000000000000000000000000000000000000011500000000000000000000000000                          B30000000020170609                                                          000049
1            A39K25000002                      172011693                                                    280906170000001169                    3006170000000045530         K000000000011500000000000000000000000000000000000000000000000000000000000000000000000000011500000000000000000000000000                          B30000000020170609                                                          000050
1            A39K38000002                      172016644                                                    280906170000001664                    3006170000000063848         K000000000011500000000000000000000000000000000000000000000000000000000000000000000000000011500000000000000000000000000                          B30000000020170609                                                          000051
1            A38R9N000002                      172017969                                                    280906170000001796                    3006170000000076060         K000000000011500000000000000000000000000000000000000000000000000000000000000000000000000011500000000000000000000000000                          B30000000020170609                                                          000052
1            A39K3I000002                      172018400                                                    280906170000001840                    3006170000000063848         K000000000011500000000000000000000000000000000000000000000000000000000000000000000000000011500000000000000000000000000                          B30000000020170609                                                          000053
1            A39K4C000002                      172026763                                                    280906170000002676                    3006170000000039424         K000000000011500000000000000000000000000000000000000000000000000000000000000000000000000011500000000000000000000000000                          B30000000020170609                                                          000054
1            A38RT8000002                      172028413                                                    280906170000002841                    3006170000000021500         K000000000011500000000000000000000000000000000000000000000000000000000000000000000000000011500000000000000000000000000                          B30000000020170609                                                          000055
1            A38RCB000002                      172030612                                                    280906170000003061                    3006170000000054925         K000000000011500000000000000000000000000000000000000000000000000000000000000000000000000011500000000000000000000000000                          B30000000020170609                                                          000056
1            A39K4P000002                      172031384                                                    280906170000003138                    3006170000000068295         K000000000011500000000000000000000000000000000000000000000000000000000000000000000000000011500000000000000000000000000                          B30000000020170609                                                          000057
1            A39K4S000002                      172032046                                                    280906170000003204                    3006170000000074980         K000000000011500000000000000000000000000000000000000000000000000000000000000000000000000011500000000000000000000000000                          B30000000020170609                                                          000058
1            A38RRT000002                      172034464                                                    280906170000003446                    3006170000000088350         K000000000011500000000000000000000000000000000000000000000000000000000000000000000000000011500000000000000000000000000                          B30000000020170609                                                          000059
1            A39K59000002                      172036882                                                    280906170000003688                    3006170000000064953         K000000000011500000000000000000000000000000000000000000000000000000000000000000000000000011500000000000000000000000000                          B30000000020170609                                                          000060
1            A39K5D000001                      172037650                                                    280906170000003765                    3006170000000071638         K000000000011500000000000000000000000000000000000000000000000000000000000000000000000000011500000000000000000000000000                          B30000000020170609                                                          000061
1            A39K5K000002                      172039300                                                    280906170000003930                    3006170000000088350         K000000000011500000000000000000000000000000000000000000000000000000000000000000000000000011500000000000000000000000000                          B30000000020170609                                                          000062
1            A39M32000002                      172042157                                                    280906170000004215                    3006170000000076060         K000000000011500000000000000000000000000000000000000000000000000000000000000000000000000011500000000000000000000000000                          B30000000020170609                                                          000063
1            A39KEP000002                      172302515                                                    280906170000030251                    3006170000000098899         K000000000011500000000000000000000000000000000000000000000000000000000000000000000000000011500000000000000000000000000                          B30000000020170609                                                          000064
1            A39KE8000002                      172303716                                                    280906170000030371                    3006170000000084131         K000000000011500000000000000000000000000000000000000000000000000000000000000000000000000011500000000000000000000000000                          B30000000020170609                                                          000065
1            A39KE4000002                      172304216                                                    280906170000030421                    3006170000000110268         K000000000011500000000000000000000000000000000000000000000000000000000000000000000000000011500000000000000000000000000                          B30000000020170609                                                          000066
1            A39KEN000002                      172306510                                                    280906170000030651                    3006170000000081845         K000000000011500000000000000000000000000000000000000000000000000000000000000000000000000011500000000000000000000000000                          B30000000020170609                                                          000067
1            A38RO6000002                      172307711                                                    280906170000030771                    3006170000000090952         K000000000011500000000000000000000000000000000000000000000000000000000000000000000000000011500000000000000000000000000                          B30000000020170609                                                          000068
1            A38RN8000002                      172309200                                                    280906170000030920                    3006170000000068214         K000000000011500000000000000000000000000000000000000000000000000000000000000000000000000011500000000000000000000000000                          B30000000020170609                                                          000069
1            A39KEO000002                      172313738                                                    280906170000031373                    3006170000000068214         K000000000011500000000000000000000000000000000000000000000000000000000000000000000000000011500000000000000000000000000                          B30000000020170609                                                          000070
1            A39KEG000002                      172316230                                                    280906170000031623                    3006170000000085268         K000000000011500000000000000000000000000000000000000000000000000000000000000000000000000011500000000000000000000000000                          B30000000020170609                                                          000071
1            C0000000000                       172307517                                                    06090617          090316                    0000000085268                                                              00000000000000000000004268000000008100000000000000000000000000000                          00        20170612                                                          000072
1            C0000000000                       172307517                                                    28090617          090316                    0000000000115                                                              00000000000000000000004268000000008100000000000000000000000000000                          B3        20170609                                                          000073
1            C0000000000                       172316885                                                    06090617          090312                    0000000130163                                                              00000000000000000000005263000000012490000000000000000000000000000                          00        20170612                                                          000074
1            C0000000000                       172316885                                                    28090617          090312                    0000000000115                                                              00000000000000000000005263000000012490000000000000000000000000000                          B3        20170609                                                          000075
1            C0000000000                       172004654                                                    06090617          COMPE                     0000000063848                                                              00000000000000000000000000000000006140000000000000000000000000000                          H5        20170612                                                          000076
1            C0000000000                       172004654                                                    28090617          COMPE                     0000000000115                                                              00000000000000000000000000000000006140000000000000000000000000000                          B3        20170609                                                          000077
1            C0000000000                       172010921                                                    06090617          COMPE                     0000000063848                                                              00000000000000000000000000000000006140000000000000000000000000000                          H5        20170612                                                          000078
1            C0000000000                       172010921                                                    28090617          COMPE                     0000000000115                                                              00000000000000000000000000000000006140000000000000000000000000000                          B3        20170609                                                          000079
1            C0000000000                       172315129                                                    06090617          COMPE                     0000000079583                                                              00000000000000000000000000000000007560000000000000000000000000000                          H5        20170612                                                          000080
1            C0000000000                       172315129                                                    28090617          COMPE                     0000000000115                                                              00000000000000000000000000000000007560000000000000000000000000000                          B3        20170609                                                          000081
9274826431                                                                                                                                                                                                                                                                                                                                                                                                000082
