02RETORNO01COBRANCA       2643103361110000177                               748BANSICREDI     20170331        0000133                                                                                                                                                                                                                                                                                 1.00000001
1            A39K1D000002                      172007718                                                    063003170000000771COMPE               3004170000000057742         K000000000000000000000000000000000000000000000000000000000000000000000000000000000000005560000000000000000000000000000                          H50000000020170331                                                          000002
1            A39K2E000002                      172012657                                                    063003170000001265COMPE               3103170000000063848         K000000000000000000000000000000000000000000000000000000000000000000000000000000000000006384800000000000000000000000000                          H50000000020170331                                                          000003
1            A39K2G000002                      172012886                                                    063003170000001288COMPE               3004170000000063848         K000000000000000000000000000000000000000000000000000000000000000000000000000000000000006140000000000000000000000000000                          H50000000020170331                                                          000004
1            A39K2V000002                      172014854                                                    063003170000001485COMPE               3103170000000060795         K000000000000000000000000000000000000000000000000000000000000000000000000000000000000006079500000000000000000000000000                          H50000000020170331                                                          000005
1            A39K3B000002                      172016946                                                    063003170000001694COMPE               3103170000000076060         K000000000000000000000000000000000000000000000000000000000000000000000000000000000000007606000000000000000000000000000                          H50000000020170331                                                          000006
1            A39K4H000002                      172028715                                                    063003170000002871COMPE               3103170000000074980         K000000000000000000000000000000000000000000000000000000000000000000000000000000000000007498000000000000000000000000000                          H50000000020170331                                                          000007
1            A38RTE000002                      172310593                                                    063003170000031059COMPE               3103170000000021500         K000000000000000000000000000000000000000000000000000000000000000000000000000000000000002150000000000000000000000000000                          H50000000020170331                                                          000008
1            A39K1D000002                      172007718                                                    283003170000000771                    3004170000000057742         K000000000011500000000000000000000000000000000000000000000000000000000000000000000000000011500000000000000000000000000                          B30000000020170330                                                          000009
1            A39K2E000002                      172012657                                                    283003170000001265                    3103170000000063848         K000000000011500000000000000000000000000000000000000000000000000000000000000000000000000011500000000000000000000000000                          B30000000020170330                                                          000010
1            A39K2G000002                      172012886                                                    283003170000001288                    3004170000000063848         K000000000011500000000000000000000000000000000000000000000000000000000000000000000000000011500000000000000000000000000                          B30000000020170330                                                          000011
1            A39K2V000002                      172014854                                                    283003170000001485                    3103170000000060795         K000000000011500000000000000000000000000000000000000000000000000000000000000000000000000011500000000000000000000000000                          B30000000020170330                                                          000012
1            A39K3B000002                      172016946                                                    283003170000001694                    3103170000000076060         K000000000011500000000000000000000000000000000000000000000000000000000000000000000000000011500000000000000000000000000                          B30000000020170330                                                          000013
1            A39K4H000002                      172028715                                                    283003170000002871                    3103170000000074980         K000000000011500000000000000000000000000000000000000000000000000000000000000000000000000011500000000000000000000000000                          B30000000020170330                                                          000014
1            A38RTE000002                      172310593                                                    283003170000031059                    3103170000000021500         K000000000011500000000000000000000000000000000000000000000000000000000000000000000000000011500000000000000000000000000                          B30000000020170330                                                          000015
1            C0000000000                       172018590                                                    06300317          COMPE                     0000000069954                                                              00000000000000000000000000000000006995400000000000000000000000000                          H5        20170331                                                          000016
1            C0000000000                       172018590                                                    28300317          COMPE                     0000000000115                                                              00000000000000000000000000000000006995400000000000000000000000000                          B3        20170330                                                          000017
1            C0000000000                       172041800                                                    06300317          COMPE                     0000000018318                                                              00000000000000000000000000000000001831800000000000000000000000000                          H5        20170331                                                          000018
1            C0000000000                       172041800                                                    28300317          COMPE                     0000000000115                                                              00000000000000000000000000000000001831800000000000000000000000000                          B3        20170330                                                          000019
9274826431                                                                                                                                                                                                                                                                                                                                                                                                000020
