02RETORNO01COBRANCA       2643103361110000177                               748BANSICREDI     20170407        0000138                                                                                                                                                                                                                                                                                 1.00000001
1            A39KEJ000002                      172309293                                                    060604170000030929090303              3004170000000138690         K000000000000000000000000000000000000000000000000000000000000000000000000005690000000013300000000000000000000000000000                          000000000020170407                                                          000002
1            A39K4J000001                      172029053                                                    060604170000002905090325              3004170000000021500         K000000000000000000000000000000000000000000000000000000000000000000000000000000000000002150000000000000000000000000000                          000000000020170407                                                          000003
1            A38RDF000002                      172030159                                                    060604170000003015090303              3004170000000071638         K000000000000000000000000000000000000000000000000000000000000000000000000002513000000006912500000000000000000000000000                          000000000020170407                                                          000004
1            A39K1V000001                      172009915                                                    060604170000000991090312              3004170000000063848         K000000000000000000000000000000000000000000000000000000000000000000000000002448000000006140000000000000000000000000000                          000000000020170407                                                          000005
1            A39K1X000002                      172010247                                                    060604170000001024COMPE               3004170000000045530         K000000000000000000000000000000000000000000000000000000000000000000000000000000000000004400000000000000000000000000000                          H50000000020170407                                                          000006
1            A38RCX000002                      172010794                                                    060604170000001079COMPE               3004170000000015000         K000000000000000000000000000000000000000000000000000000000000000000000000000000000000001500000000000000000000000000000                          H50000000020170407                                                          000007
1            A38RBL000002                      172028839                                                    060604170000002883COMPE               3004170000000061610         K000000000000000000000000000000000000000000000000000000000000000000000000000000000000005960000000000000000000000000000                          H50000000020170407                                                          000008
1            A38RCX000002                      172311930                                                    060604170000031193COMPE               3004170000000074980         K000000000000000000000000000000000000000000000000000000000000000000000000000000000000007230000000000000000000000000000                          H50000000020170407                                                          000009
1            A39KEJ000002                      172309293                                                    280604170000030929                    3004170000000138690         K000000000011500000000000000000000000000000000000000000000000000000000000000000000000000011500000000000000000000000000                          B30000000020170406                                                          000010
1            A39K4J000001                      172029053                                                    280604170000002905                    3004170000000021500         K000000000011500000000000000000000000000000000000000000000000000000000000000000000000000011500000000000000000000000000                          B30000000020170406                                                          000011
1            A38RDF000002                      172030159                                                    280604170000003015                    3004170000000071638         K000000000011500000000000000000000000000000000000000000000000000000000000000000000000000011500000000000000000000000000                          B30000000020170406                                                          000012
1            A39K1V000001                      172009915                                                    280604170000000991                    3004170000000063848         K000000000011500000000000000000000000000000000000000000000000000000000000000000000000000011500000000000000000000000000                          B30000000020170406                                                          000013
1            A39K1X000002                      172010247                                                    280604170000001024                    3004170000000045530         K000000000011500000000000000000000000000000000000000000000000000000000000000000000000000011500000000000000000000000000                          B30000000020170406                                                          000014
1            A38RCX000002                      172010794                                                    280604170000001079                    3004170000000015000         K000000000011500000000000000000000000000000000000000000000000000000000000000000000000000011500000000000000000000000000                          B30000000020170406                                                          000015
1            A38RBL000002                      172028839                                                    280604170000002883                    3004170000000061610         K000000000011500000000000000000000000000000000000000000000000000000000000000000000000000011500000000000000000000000000                          B30000000020170406                                                          000016
1            A38RCX000002                      172311930                                                    280604170000031193                    3004170000000074980         K000000000011500000000000000000000000000000000000000000000000000000000000000000000000000011500000000000000000000000000                          B30000000020170406                                                          000017
1            C0000000000                       172042963                                                    06060417          COMPE                     0000000021500                                                              00000000000000000000000000000000002150000000000000000000000000000                          H5        20170407                                                          000018
1            C0000000000                       172042963                                                    28060417          COMPE                     0000000000115                                                              00000000000000000000000000000000002150000000000000000000000000000                          B3        20170406                                                          000019
9274826431                                                                                                                                                                                                                                                                                                                                                                                                000020
