02RETORNO01COBRANCA       2643103361110000177                               748BANSICREDI     20170306        0000114                                                                                                                                                                                                                                                                                 1.00000001
1            A39KE3000002                      172309595                                                    060303170000030959090312              3103170000000127321         K000000000000000000000000000000000000000000000000000000000000000000000000005121000000012220000000000000000000000000000                          000000000020170306                                                          000002
1            A39K3T000002                      172020684                                                    060303170000002068COMPE               3103170000000045530         K000000000000000000000000000000000000000000000000000000000000000000000000000000000000004400000000000000000000000000000                          H50000000020170306                                                          000003
1            A39K48000002                      172024205                                                    060303170000002420COMPE               3103170000000063848         K000000000000000000000000000000000000000000000000000000000000000000000000000000000000006140000000000000000000000000000                          H50000000020170306                                                          000004
1            A38RAX000002                      172025198                                                    060303170000002519COMPE               3103170000000060795         K000000000000000000000000000000000000000000000000000000000000000000000000000000000000005850000000000000000000000000000                          H50000000020170306                                                          000005
1            A39KEK000002                      172308084                                                    060303170000030808COMPE               3103170000000104583         K000000000000000000000000000000000000000000000000000000000000000000000000000000000000010060000000000000000000000000000                          H50000000020170306                                                          000006
1            A39KE3000002                      172309595                                                    280303170000030959                    3103170000000127321         K000000000011500000000000000000000000000000000000000000000000000000000000000000000000000011500000000000000000000000000                          B30000000020170303                                                          000007
1            A39K3T000002                      172020684                                                    280303170000002068                    3103170000000045530         K000000000011500000000000000000000000000000000000000000000000000000000000000000000000000011500000000000000000000000000                          B30000000020170303                                                          000008
1            A39K48000002                      172024205                                                    280303170000002420                    3103170000000063848         K000000000011500000000000000000000000000000000000000000000000000000000000000000000000000011500000000000000000000000000                          B30000000020170303                                                          000009
1            A38RAX000002                      172025198                                                    280303170000002519                    3103170000000060795         K000000000011500000000000000000000000000000000000000000000000000000000000000000000000000011500000000000000000000000000                          B30000000020170303                                                          000010
1            A39KEK000002                      172308084                                                    280303170000030808                    3103170000000104583         K000000000011500000000000000000000000000000000000000000000000000000000000000000000000000011500000000000000000000000000                          B30000000020170303                                                          000011
1            C0000000000                       172004620                                                    06030317          COMPE                     0000000063848                                                              00000000000000000000000000000000006140000000000000000000000000000                          H5        20170306                                                          000012
1            C0000000000                       172004620                                                    28030317          COMPE                     0000000000115                                                              00000000000000000000000000000000006140000000000000000000000000000                          B3        20170303                                                          000013
9274826431                                                                                                                                                                                                                                                                                                                                                                                                000014
