02RETORNO01COBRANCA       2643103361110000177                               748BANSICREDI     20170508        0000155                                                                                                                                                                                                                                                                                 1.00000001
1            A38RAM000002                      172022903                                                    060505170000002290090316              3105170000000076060         K000000000000000000000000000000000000000000000000000000000000030600000000000000000000007300000000000000000000000000000                          000000000020170508                                                          000002
1            A39K4J000001                      172029061                                                    060505170000002906090325              3105170000000021500         K000000000000000000000000000000000000000000000000000000000000000000000000000000000000002150000000000000000000000000000                          000000000020170508                                                          000003
1            A39KEH000002                      172304291                                                    060505170000030429090304              3105170000000081845         K000000000000000000000000000000000000000000000000000000000000000000000000002845000000007900000000000000000000000000000                          000000000020170508                                                          000004
1            A39K15000002                      172006517                                                    060505170000000651COMPE               3105170000000063848         K000000000000000000000000000000000000000000000000000000000000000000000000000000000000006140000000000000000000000000000                          H50000000020170508                                                          000005
1            A39K1V000001                      172009923                                                    060505170000000992COMPE               3105170000000063848         K000000000000000000000000000000000000000000000000000000000000000000000000000000000000006140000000000000000000000000000                          H50000000020170508                                                          000006
1            A39K26000002                      172011790                                                    060505170000001179COMPE               3105170000000045530         K000000000000000000000000000000000000000000000000000000000000000000000000000000000000004400000000000000000000000000000                          H50000000020170508                                                          000007
1            A39K2F000002                      172012789                                                    060505170000001278COMPE               3105170000000051636         K000000000000000000000000000000000000000000000000000000000000000000000000000000000000004980000000000000000000000000000                          H50000000020170508                                                          000008
1            A39K3G000002                      172017624                                                    060505170000001762COMPE               3105170000000060795         K000000000000000000000000000000000000000000000000000000000000000000000000000000000000005850000000000000000000000000000                          H50000000020170508                                                          000009
1            A39K3J000002                      172018507                                                    060505170000001850COMPE               3105170000000060795         K000000000000000000000000000000000000000000000000000000000000000000000000000000000000005850000000000000000000000000000                          H50000000020170508                                                          000010
1            A39K26000002                      172020927                                                    060505170000002092COMPE               3105170000000015000         K000000000000000000000000000000000000000000000000000000000000000000000000000000000000001500000000000000000000000000000                          H50000000020170508                                                          000011
1            A38RBL000002                      172028847                                                    060505170000002884COMPE               3105170000000061610         K000000000000000000000000000000000000000000000000000000000000000000000000000000000000005960000000000000000000000000000                          H50000000020170508                                                          000012
1            A38RC8000001                      172029720                                                    060505170000002972COMPE               3105170000000061610         K000000000000000000000000000000000000000000000000000000000000000000000000000000000000005960000000000000000000000000000                          H50000000020170508                                                          000013
1            A39K0C000002                      172040502                                                    060505170000004050COMPE               3105170000000048848         K000000000000000000000000000000000000000000000000000000000000000000000000000000000000004640000000000000000000000000000                          H50000000020170508                                                          000014
1            A39K0Z000002                      172040618                                                    060505170000004061COMPE               3105170000000042742         K000000000000000000000000000000000000000000000000000000000000000000000000000000000000004060000000000000000000000000000                          H50000000020170508                                                          000015
1            A39KEY000002                      172306707                                                    060505170000030670COMPE               3105170000000104583         K000000000000000000000000000000000000000000000000000000000000000000000000000000000000010068300000000000000000000000000                          H50000000020170508                                                          000016
1            A39KEY000002                      172307002                                                    060505170000030700COMPE               3105170000000104583         K000000000000000000000000000000000000000000000000000000000000000000000000000000000000010068300000000000000000000000000                          H50000000020170508                                                          000017
1            A39KF2000002                      172308998                                                    060505170000030899COMPE               3105170000000110268         K000000000000000000000000000000000000000000000000000000000000000000000000000000000000010600000000000000000000000000000                          H50000000020170508                                                          000018
1            A39KEJ000002                      172309307                                                    060505170000030930COMPE               3105170000000138690         K000000000000000000000000000000000000000000000000000000000000000000000000000000000000013300000000000000000000000000000                          H50000000020170508                                                          000019
1            A38RDH000001                      172311271                                                    060505170000031127COMPE               3105170000000074980         K000000000000000000000000000000000000000000000000000000000000000000000000000000000000007230000000000000000000000000000                          H50000000020170508                                                          000020
1            A38RAM000002                      172022903                                                    280505170000002290                    3105170000000076060         K000000000011500000000000000000000000000000000000000000000000000000000000000000000000000011500000000000000000000000000                          B30000000020170505                                                          000021
1            A39K4J000001                      172029061                                                    280505170000002906                    3105170000000021500         K000000000011500000000000000000000000000000000000000000000000000000000000000000000000000011500000000000000000000000000                          B30000000020170505                                                          000022
1            A39KEH000002                      172304291                                                    280505170000030429                    3105170000000081845         K000000000011500000000000000000000000000000000000000000000000000000000000000000000000000011500000000000000000000000000                          B30000000020170505                                                          000023
1            A39K15000002                      172006517                                                    280505170000000651                    3105170000000063848         K000000000011500000000000000000000000000000000000000000000000000000000000000000000000000011500000000000000000000000000                          B30000000020170505                                                          000024
1            A39K1V000001                      172009923                                                    280505170000000992                    3105170000000063848         K000000000011500000000000000000000000000000000000000000000000000000000000000000000000000011500000000000000000000000000                          B30000000020170505                                                          000025
1            A39K26000002                      172011790                                                    280505170000001179                    3105170000000045530         K000000000011500000000000000000000000000000000000000000000000000000000000000000000000000011500000000000000000000000000                          B30000000020170505                                                          000026
1            A39K2F000002                      172012789                                                    280505170000001278                    3105170000000051636         K000000000011500000000000000000000000000000000000000000000000000000000000000000000000000011500000000000000000000000000                          B30000000020170505                                                          000027
1            A39K3G000002                      172017624                                                    280505170000001762                    3105170000000060795         K000000000011500000000000000000000000000000000000000000000000000000000000000000000000000011500000000000000000000000000                          B30000000020170505                                                          000028
1            A39K3J000002                      172018507                                                    280505170000001850                    3105170000000060795         K000000000011500000000000000000000000000000000000000000000000000000000000000000000000000011500000000000000000000000000                          B30000000020170505                                                          000029
1            A39K26000002                      172020927                                                    280505170000002092                    3105170000000015000         K000000000011500000000000000000000000000000000000000000000000000000000000000000000000000011500000000000000000000000000                          B30000000020170505                                                          000030
1            A38RBL000002                      172028847                                                    280505170000002884                    3105170000000061610         K000000000011500000000000000000000000000000000000000000000000000000000000000000000000000011500000000000000000000000000                          B30000000020170505                                                          000031
1            A38RC8000001                      172029720                                                    280505170000002972                    3105170000000061610         K000000000011500000000000000000000000000000000000000000000000000000000000000000000000000011500000000000000000000000000                          B30000000020170505                                                          000032
1            A39K0C000002                      172040502                                                    280505170000004050                    3105170000000048848         K000000000011500000000000000000000000000000000000000000000000000000000000000000000000000011500000000000000000000000000                          B30000000020170505                                                          000033
1            A39K0Z000002                      172040618                                                    280505170000004061                    3105170000000042742         K000000000011500000000000000000000000000000000000000000000000000000000000000000000000000011500000000000000000000000000                          B30000000020170505                                                          000034
1            A39KEY000002                      172306707                                                    280505170000030670                    3105170000000104583         K000000000011500000000000000000000000000000000000000000000000000000000000000000000000000011500000000000000000000000000                          B30000000020170505                                                          000035
1            A39KEY000002                      172307002                                                    280505170000030700                    3105170000000104583         K000000000011500000000000000000000000000000000000000000000000000000000000000000000000000011500000000000000000000000000                          B30000000020170505                                                          000036
1            A39KF2000002                      172308998                                                    280505170000030899                    3105170000000110268         K000000000011500000000000000000000000000000000000000000000000000000000000000000000000000011500000000000000000000000000                          B30000000020170505                                                          000037
1            A39KEJ000002                      172309307                                                    280505170000030930                    3105170000000138690         K000000000011500000000000000000000000000000000000000000000000000000000000000000000000000011500000000000000000000000000                          B30000000020170505                                                          000038
1            A38RDH000001                      172311271                                                    280505170000031127                    3105170000000074980         K000000000011500000000000000000000000000000000000000000000000000000000000000000000000000011500000000000000000000000000                          B30000000020170505                                                          000039
1            C0000000000                       172004646                                                    06050517          COMPE                     0000000063848                                                              00000000000000000000000000000000006140000000000000000000000000000                          H5        20170508                                                          000040
1            C0000000000                       172004646                                                    28050517          COMPE                     0000000000115                                                              00000000000000000000000000000000006140000000000000000000000000000                          B3        20170505                                                          000041
1            C0000000000                       172304798                                                    06050517          COMPE                     0000000127321                                                              00000000000000000000000000000000012220000000000000000000000000000                          H5        20170508                                                          000042
1            C0000000000                       172304798                                                    28050517          COMPE                     0000000000115                                                              00000000000000000000000000000000012220000000000000000000000000000                          B3        20170505                                                          000043
9274826431                                                                                                                                                                                                                                                                                                                                                                                                000044
