02RETORNO01COBRANCA       2643103361110000177                               748BANSICREDI     20170606        0000174                                                                                                                                                                                                                                                                                 1.00000001
1            A39K3L000002                      172018833                                                    060506170000001883090302              3105170000000063848         K000000000000000000000000000000000000000000000000000000000000000000000000000000000000006521900000000000960000000001276                          000000000020170606                                                          000002
1            A39K0B000002                      172002899                                                    060506170000000289090302              3006170000000045530         K000000000000000000000000000000000000000000000000000000000000000000000000001530000000004400000000000000000000000000000                          000000000020170606                                                          000003
1            A39K01000002                      172001680                                                    060506170000000168COMPE               3006170000000033318         K000000000000000000000000000000000000000000000000000000000000000000000000000000000000003240000000000000000000000000000                          H50000000020170606                                                          000004
1            A39K07000002                      172002341                                                    060506170000000234COMPE               3006170000000057742         K000000000000000000000000000000000000000000000000000000000000000000000000000000000000005560000000000000000000000000000                          H50000000020170606                                                          000005
1            A38RCX000002                      172010816                                                    060506170000001081COMPE               3006170000000015000         K000000000000000000000000000000000000000000000000000000000000000000000000000000000000001500000000000000000000000000000                          H50000000020170606                                                          000006
1            A39K2O000002                      172013890                                                    060506170000001389COMPE               3006170000000060795         K000000000000000000000000000000000000000000000000000000000000000000000000000000000000005850000000000000000000000000000                          H50000000020170606                                                          000007
1            A39K3F000002                      172017411                                                    060506170000001741COMPE               3006170000000057742         K000000000000000000000000000000000000000000000000000000000000000000000000000000000000005560000000000000000000000000000                          H50000000020170606                                                          000008
1            A39K3T000002                      172020714                                                    060506170000002071COMPE               3006170000000045530         K000000000000000000000000000000000000000000000000000000000000000000000000000000000000004400000000000000000000000000000                          H50000000020170606                                                          000009
1            A39K3X000002                      172022253                                                    060506170000002225COMPE               3006170000000045530         K000000000000000000000000000000000000000000000000000000000000000000000000000000000000004400000000000000000000000000000                          H50000000020170606                                                          000010
1            A38RBE000002                      172027867                                                    060506170000002786COMPE               3006170000000045530         K000000000000000000000000000000000000000000000000000000000000000000000000000000000000004400000000000000000000000000000                          H50000000020170606                                                          000011
1            A38RC8000001                      172029738                                                    060506170000002973COMPE               3006170000000061610         K000000000000000000000000000000000000000000000000000000000000000000000000000000000000005960000000000000000000000000000                          H50000000020170606                                                          000012
1            A39K4O000002                      172031058                                                    060506170000003105COMPE               3006170000000041555         K000000000000000000000000000000000000000000000000000000000000000000000000000000000000004055000000000000000000000000000                          H50000000020170606                                                          000013
1            A39KEM000002                      172308319                                                    060506170000030831COMPE               3006170000000081845         K000000000000000000000000000000000000000000000000000000000000000000000000000000000000007900000000000000000000000000000                          H50000000020170606                                                          000014
1            A38RCX000002                      172311956                                                    060506170000031195COMPE               3006170000000074980         K000000000000000000000000000000000000000000000000000000000000000000000000000000000000007230000000000000000000000000000                          H50000000020170606                                                          000015
1            A39K3L000002                      172018833                                                    280506170000001883                    3105170000000063848         K000000000011500000000000000000000000000000000000000000000000000000000000000000000000000011500000000000000000000000000                          B30000000020170605                                                          000016
1            A39K0B000002                      172002899                                                    280506170000000289                    3006170000000045530         K000000000011500000000000000000000000000000000000000000000000000000000000000000000000000011500000000000000000000000000                          B30000000020170605                                                          000017
1            A39K01000002                      172001680                                                    280506170000000168                    3006170000000033318         K000000000011500000000000000000000000000000000000000000000000000000000000000000000000000011500000000000000000000000000                          B30000000020170605                                                          000018
1            A39K07000002                      172002341                                                    280506170000000234                    3006170000000057742         K000000000011500000000000000000000000000000000000000000000000000000000000000000000000000011500000000000000000000000000                          B30000000020170605                                                          000019
1            A38RCX000002                      172010816                                                    280506170000001081                    3006170000000015000         K000000000011500000000000000000000000000000000000000000000000000000000000000000000000000011500000000000000000000000000                          B30000000020170605                                                          000020
1            A39K2O000002                      172013890                                                    280506170000001389                    3006170000000060795         K000000000011500000000000000000000000000000000000000000000000000000000000000000000000000011500000000000000000000000000                          B30000000020170605                                                          000021
1            A39K3F000002                      172017411                                                    280506170000001741                    3006170000000057742         K000000000011500000000000000000000000000000000000000000000000000000000000000000000000000011500000000000000000000000000                          B30000000020170605                                                          000022
1            A39K3T000002                      172020714                                                    280506170000002071                    3006170000000045530         K000000000011500000000000000000000000000000000000000000000000000000000000000000000000000011500000000000000000000000000                          B30000000020170605                                                          000023
1            A39K3X000002                      172022253                                                    280506170000002225                    3006170000000045530         K000000000011500000000000000000000000000000000000000000000000000000000000000000000000000011500000000000000000000000000                          B30000000020170605                                                          000024
1            A38RBE000002                      172027867                                                    280506170000002786                    3006170000000045530         K000000000011500000000000000000000000000000000000000000000000000000000000000000000000000011500000000000000000000000000                          B30000000020170605                                                          000025
1            A38RC8000001                      172029738                                                    280506170000002973                    3006170000000061610         K000000000011500000000000000000000000000000000000000000000000000000000000000000000000000011500000000000000000000000000                          B30000000020170605                                                          000026
1            A39K4O000002                      172031058                                                    280506170000003105                    3006170000000041555         K000000000011500000000000000000000000000000000000000000000000000000000000000000000000000011500000000000000000000000000                          B30000000020170605                                                          000027
1            A39KEM000002                      172308319                                                    280506170000030831                    3006170000000081845         K000000000011500000000000000000000000000000000000000000000000000000000000000000000000000011500000000000000000000000000                          B30000000020170605                                                          000028
1            A38RCX000002                      172311956                                                    280506170000031195                    3006170000000074980         K000000000011500000000000000000000000000000000000000000000000000000000000000000000000000011500000000000000000000000000                          B30000000020170605                                                          000029
9274826431                                                                                                                                                                                                                                                                                                                                                                                                000030
