02RETORNO01COBRANCA       2643103361110000177                               748BANSICREDI     20170308        0000116                                                                                                                                                                                                                                                                                 1.00000001
1            A38RB8000002                      172027069                                                    060703170000002706090312              3103170000000063848         K000000000000000000000000000000000000000000000000000000000000000000000000002448000000006140000000000000000000000000000                          000000000020170308                                                          000002
1            A39K0B000002                      172002864                                                    060703170000000286090302              3103170000000045530         K000000000000000000000000000000000000000000000000000000000000000000000000001530000000004400000000000000000000000000000                          000000000020170308                                                          000003
1            A38R9Z000002                      172024086                                                    060703170000002408090325              2802170000000045530         K000000000000000000000000000000000000000000000000000000000000000000000000000000000000004650300000000000630000000000910                          000000000020170308                                                          000004
1            A38R9Z000002                      172024094                                                    060703170000002409090325              3103170000000045530         K000000000000000000000000000000000000000000000000000000000000015300000000000000000000004400000000000000000000000000000                          000000000020170308                                                          000005
1            A39K0Q000002                      172004859                                                    060703170000000485COMPE               3004170000000045530         K000000000000000000000000000000000000000000000000000000000000000000000000000000000000004400000000000000000000000000000                          H50000000020170308                                                          000006
1            A39K0X000002                      172005618                                                    060703170000000561COMPE               3103170000000063848         K000000000000000000000000000000000000000000000000000000000000000000000000000000000000006140000000000000000000000000000                          H50000000020170308                                                          000007
1            A38RCX000002                      172010786                                                    060703170000001078COMPE               3103170000000015000         K000000000000000000000000000000000000000000000000000000000000000000000000000000000000001500000000000000000000000000000                          H50000000020170308                                                          000008
1            A38R9N000002                      172017934                                                    060703170000001793COMPE               3103170000000076060         K000000000000000000000000000000000000000000000000000000000000000000000000000000000000007300000000000000000000000000000                          H50000000020170308                                                          000009
1            A39K3R000002                      172020463                                                    060703170000002046COMPE               3103170000000076060         K000000000000000000000000000000000000000000000000000000000000000000000000000000000000007300000000000000000000000000000                          H50000000020170308                                                          000010
1            A39K4S000002                      172032011                                                    060703170000003201COMPE               3103170000000074980         K000000000000000000000000000000000000000000000000000000000000000000000000000000000000007230000000000000000000000000000                          H50000000020170308                                                          000011
1            A38RBY000002                      172033115                                                    060703170000003311COMPE               3103170000000068295         K000000000000000000000000000000000000000000000000000000000000000000000000000000000000006595000000000000000000000000000                          H50000000020170308                                                          000012
1            A38RC4000002                      172039601                                                    060703170000003960COMPE               3103170000000064953         K000000000000000000000000000000000000000000000000000000000000000000000000000000000000006277500000000000000000000000000                          H50000000020170308                                                          000013
1            A39K5N000002                      172039822                                                    060703170000003982COMPE               3103170000000061610         K000000000000000000000000000000000000000000000000000000000000000000000000000000000000005960000000000000000000000000000                          H50000000020170308                                                          000014
1            A39KEA000002                      172303988                                                    060703170000030398COMPE               3103170000000104583         K000000000000000000000000000000000000000000000000000000000000000000000000000000000000010060000000000000000000000000000                          H50000000020170308                                                          000015
1            A39KEM000002                      172308289                                                    060703170000030828COMPE               3103170000000081845         K000000000000000000000000000000000000000000000000000000000000000000000000000000000000007900000000000000000000000000000                          H50000000020170308                                                          000016
1            A38RCX000002                      172311921                                                    060703170000031192COMPE               3103170000000074980         K000000000000000000000000000000000000000000000000000000000000000000000000000000000000007230000000000000000000000000000                          H50000000020170308                                                          000017
1            A38RTI000002                      172312375                                                    060703170000031237COMPE               3103170000000021500         K000000000000000000000000000000000000000000000000000000000000000000000000000000000000002150000000000000000000000000000                          H50000000020170308                                                          000018
1            A38RB8000002                      172027069                                                    280703170000002706                    3103170000000063848         K000000000011500000000000000000000000000000000000000000000000000000000000000000000000000011500000000000000000000000000                          B30000000020170307                                                          000019
1            A39K0B000002                      172002864                                                    280703170000000286                    3103170000000045530         K000000000011500000000000000000000000000000000000000000000000000000000000000000000000000011500000000000000000000000000                          B30000000020170307                                                          000020
1            A38R9Z000002                      172024086                                                    280703170000002408                    2802170000000045530         K000000000011500000000000000000000000000000000000000000000000000000000000000000000000000011500000000000000000000000000                          B30000000020170307                                                          000021
1            A38R9Z000002                      172024094                                                    280703170000002409                    3103170000000045530         K000000000011500000000000000000000000000000000000000000000000000000000000000000000000000011500000000000000000000000000                          B30000000020170307                                                          000022
1            A39K0Q000002                      172004859                                                    280703170000000485                    3004170000000045530         K000000000011500000000000000000000000000000000000000000000000000000000000000000000000000011500000000000000000000000000                          B30000000020170307                                                          000023
1            A39K0X000002                      172005618                                                    280703170000000561                    3103170000000063848         K000000000011500000000000000000000000000000000000000000000000000000000000000000000000000011500000000000000000000000000                          B30000000020170307                                                          000024
1            A38RCX000002                      172010786                                                    280703170000001078                    3103170000000015000         K000000000011500000000000000000000000000000000000000000000000000000000000000000000000000011500000000000000000000000000                          B30000000020170307                                                          000025
1            A38R9N000002                      172017934                                                    280703170000001793                    3103170000000076060         K000000000011500000000000000000000000000000000000000000000000000000000000000000000000000011500000000000000000000000000                          B30000000020170307                                                          000026
1            A39K3R000002                      172020463                                                    280703170000002046                    3103170000000076060         K000000000011500000000000000000000000000000000000000000000000000000000000000000000000000011500000000000000000000000000                          B30000000020170307                                                          000027
1            A39K4S000002                      172032011                                                    280703170000003201                    3103170000000074980         K000000000011500000000000000000000000000000000000000000000000000000000000000000000000000011500000000000000000000000000                          B30000000020170307                                                          000028
1            A38RBY000002                      172033115                                                    280703170000003311                    3103170000000068295         K000000000011500000000000000000000000000000000000000000000000000000000000000000000000000011500000000000000000000000000                          B30000000020170307                                                          000029
1            A38RC4000002                      172039601                                                    280703170000003960                    3103170000000064953         K000000000011500000000000000000000000000000000000000000000000000000000000000000000000000011500000000000000000000000000                          B30000000020170307                                                          000030
1            A39K5N000002                      172039822                                                    280703170000003982                    3103170000000061610         K000000000011500000000000000000000000000000000000000000000000000000000000000000000000000011500000000000000000000000000                          B30000000020170307                                                          000031
1            A39KEA000002                      172303988                                                    280703170000030398                    3103170000000104583         K000000000011500000000000000000000000000000000000000000000000000000000000000000000000000011500000000000000000000000000                          B30000000020170307                                                          000032
1            A39KEM000002                      172308289                                                    280703170000030828                    3103170000000081845         K000000000011500000000000000000000000000000000000000000000000000000000000000000000000000011500000000000000000000000000                          B30000000020170307                                                          000033
1            A38RCX000002                      172311921                                                    280703170000031192                    3103170000000074980         K000000000011500000000000000000000000000000000000000000000000000000000000000000000000000011500000000000000000000000000                          B30000000020170307                                                          000034
1            A38RTI000002                      172312375                                                    280703170000031237                    3103170000000021500         K000000000011500000000000000000000000000000000000000000000000000000000000000000000000000011500000000000000000000000000                          B30000000020170307                                                          000035
1            C0000000000                       172315293                                                    06070317          090312                    0000000127321                                                              00000000000000000000005121000000012220000000000000000000000000000                          00        20170308                                                          000036
1            C0000000000                       172315293                                                    28070317          090312                    0000000000115                                                              00000000000000000000005121000000012220000000000000000000000000000                          B3        20170307                                                          000037
9274826431                                                                                                                                                                                                                                                                                                                                                                                                000038
