02RETORNO01COBRANCA       2643103361110000177                               748BANSICREDI     20170525        0000166                                                                                                                                                                                                                                                                                 1.00000001
1            A39K2G000002                      172012894                                                    062405170000001289COMPE               3105170000000063848         K000000000000000000000000000000000000000000000000000000000000000000000000000000000000006384800000000000000000000000000                          H50000000020170525                                                          000002
1            A39K2G000002                      172012894                                                    282405170000001289                    3105170000000063848         K000000000011500000000000000000000000000000000000000000000000000000000000000000000000000011500000000000000000000000000                          B30000000020170524                                                          000003
1            A38RNN000002                      162704750                                                    092505170000070475                    3005160000000104000         K000000000000000000000000000000000000000000000000000000000000000000000000000000000000000000000000000000000000000000000                          0000000000                                                                  000004
1            A38RNO000002                      162705021                                                    092505170000070502                    3005160000000073500         K000000000000000000000000000000000000000000000000000000000000000000000000000000000000000000000000000000000000000000000                          0000000000                                                                  000005
1            A38RNP000002                      162705110                                                    092505170000070511                    3005160000000093500         K000000000000000000000000000000000000000000000000000000000000000000000000000000000000000000000000000000000000000000000                          0000000000                                                                  000006
1            A38RNQ000002                      162705200                                                    092505170000070520                    3005160000000109250         K000000000000000000000000000000000000000000000000000000000000000000000000000000000000000000000000000000000000000000000                          0000000000                                                                  000007
1            A38RNR000002                      162705293                                                    092505170000070529                    3005160000000078750         K000000000000000000000000000000000000000000000000000000000000000000000000000000000000000000000000000000000000000000000                          0000000000                                                                  000008
1            A38RNS000002                      162705382                                                    092505170000070538                    3005160000000109250         K000000000000000000000000000000000000000000000000000000000000000000000000000000000000000000000000000000000000000000000                          0000000000                                                                  000009
1            A38RNT000002                      162705560                                                    092505170000070556                    3005160000000093500         K000000000000000000000000000000000000000000000000000000000000000000000000000000000000000000000000000000000000000000000                          0000000000                                                                  000010
1            A38RNU000002                      162705650                                                    092505170000070565                    3005160000000086250         K000000000000000000000000000000000000000000000000000000000000000000000000000000000000000000000000000000000000000000000                          0000000000                                                                  000011
1            A38RNV000002                      162705749                                                    092505170000070574                    3005160000000068250         K000000000000000000000000000000000000000000000000000000000000000000000000000000000000000000000000000000000000000000000                          0000000000                                                                  000012
1            A38RNW000002                      162706028                                                    092505170000070602                    3005160000000072500         K000000000000000000000000000000000000000000000000000000000000000000000000000000000000000000000000000000000000000000000                          0000000000                                                                  000013
1            A38RNX000002                      162706214                                                    092505170000070621                    3005160000000073500         K000000000000000000000000000000000000000000000000000000000000000000000000000000000000000000000000000000000000000000000                          0000000000                                                                  000014
1            A38RNY000002                      162726487                                                    092505170000072648                    3005160000000104000         K000000000000000000000000000000000000000000000000000000000000000000000000000000000000000000000000000000000000000000000                          0000000000                                                                  000015
1            A38RNZ000002                      162706575                                                    092505170000070657                    3005160000000093500         K000000000000000000000000000000000000000000000000000000000000000000000000000000000000000000000000000000000000000000000                          0000000000                                                                  000016
1            A38RO0000002                      162706664                                                    092505170000070666                    3005160000000109250         K000000000000000000000000000000000000000000000000000000000000000000000000000000000000000000000000000000000000000000000                          0000000000                                                                  000017
1            A38RO1000002                      162706842                                                    092505170000070684                    3005160000000104000         K000000000000000000000000000000000000000000000000000000000000000000000000000000000000000000000000000000000000000000000                          0000000000                                                                  000018
1            A38RO2000002                      162707040                                                    092505170000070704                    3005160000000104000         K000000000000000000000000000000000000000000000000000000000000000000000000000000000000000000000000000000000000000000000                          0000000000                                                                  000019
1            A38RO3000001                      162707130                                                    092505170000070713                    3005160000000072500         K000000000000000000000000000000000000000000000000000000000000000000000000000000000000000000000000000000000000000000000                          0000000000                                                                  000020
1            A38RNM000002                      162707229                                                    092505170000070722                    3005160000000073500         K000000000000000000000000000000000000000000000000000000000000000000000000000000000000000000000000000000000000000000000                          0000000000                                                                  000021
1            A38RMX000002                      162724158                                                    092505170000072415                    3005160000000084000         K000000000000000000000000000000000000000000000000000000000000000000000000000000000000000000000000000000000000000000000                          0000000000                                                                  000022
1            A38RO4000002                      162724646                                                    092505170000072464                    3005160000000056355         K000000000000000000000000000000000000000000000000000000000000000000000000000000000000000000000000000000000000000000000                          0000000000                                                                  000023
1            A38RN4000001                      162725138                                                    092505170000072513                    3005160000000104000         K000000000000000000000000000000000000000000000000000000000000000000000000000000000000000000000000000000000000000000000                          0000000000                                                                  000024
1            A38RO5000001                      162725235                                                    092505170000072523                    3005160000000072500         K000000000000000000000000000000000000000000000000000000000000000000000000000000000000000000000000000000000000000000000                          0000000000                                                                  000025
1            A38RO6000002                      162725537                                                    092505170000072553                    3005160000000104000         K000000000000000000000000000000000000000000000000000000000000000000000000000000000000000000000000000000000000000000000                          0000000000                                                                  000026
1            A38RMZ000002                      162722317                                                    092505170000072231                    3005160000000070667         K000000000000000000000000000000000000000000000000000000000000000000000000000000000000000000000000000000000000000000000                          0000000000                                                                  000027
1            A38RO8000002                      162700364                                                    092505170000070036                    3005160000000050213         K000000000000000000000000000000000000000000000000000000000000000000000000000000000000000000000000000000000000000000000                          0000000000                                                                  000028
1            A38RO7000002                      162726584                                                    092505170000072658                    3005160000000114500         K000000000000000000000000000000000000000000000000000000000000000000000000000000000000000000000000000000000000000000000                          0000000000                                                                  000029
1            A38ROA000002                      162725421                                                    092505170000072542                    3005160000000104000         K000000000000000000000000000000000000000000000000000000000000000000000000000000000000000000000000000000000000000000000                          0000000000                                                                  000030
1            A38ROB000002                      162726690                                                    092505170000072669                    3005160000000125000         K000000000000000000000000000000000000000000000000000000000000000000000000000000000000000000000000000000000000000000000                          0000000000                                                                  000031
1            A38ROC000002                      162726835                                                    092505170000072683                    3005160000000100000         K000000000000000000000000000000000000000000000000000000000000000000000000000000000000000000000000000000000000000000000                          0000000000                                                                  000032
1            A38ROD000002                      162727050                                                    092505170000072705                    3005160000000068640         K000000000000000000000000000000000000000000000000000000000000000000000000000000000000000000000000000000000000000000000                          0000000000                                                                  000033
1            A38ROE000002                      162727165                                                    092505170000072716                    3005160000000071711         K000000000000000000000000000000000000000000000000000000000000000000000000000000000000000000000000000000000000000000000                          0000000000                                                                  000034
1            A38ROF000002                      162726304                                                    092505170000072630                    3005160000000114500         K000000000000000000000000000000000000000000000000000000000000000000000000000000000000000000000000000000000000000000000                          0000000000                                                                  000035
1            A38RMW000002                      162727270                                                    092505170000072727                    3005160000000062498         K000000000000000000000000000000000000000000000000000000000000000000000000000000000000000000000000000000000000000000000                          0000000000                                                                  000036
1            A38RMY000002                      162723100                                                    092505170000072310                    3005160000000093500         K000000000000000000000000000000000000000000000000000000000000000000000000000000000000000000000000000000000000000000000                          0000000000                                                                  000037
1            A38RBH000002                      162700585                                                    092505170000070058                    3005160000000071711         K000000000000000000000000000000000000000000000000000000000000000000000000000000000000000000000000000000000000000000000                          0000000000                                                                  000038
1            A38RAV000002                      162701026                                                    092505170000070102                    3005160000000062498         K000000000000000000000000000000000000000000000000000000000000000000000000000000000000000000000000000000000000000000000                          0000000000                                                                  000039
1            A38RN0000002                      162701131                                                    092505170000070113                    3005160000000062498         K000000000000000000000000000000000000000000000000000000000000000000000000000000000000000000000000000000000000000000000                          0000000000                                                                  000040
1            A38RN1000002                      162701352                                                    092505170000070135                    3005160000000065569         K000000000000000000000000000000000000000000000000000000000000000000000000000000000000000000000000000000000000000000000                          0000000000                                                                  000041
1            A38RN2000002                      162701794                                                    092505170000070179                    3005160000000068640         K000000000000000000000000000000000000000000000000000000000000000000000000000000000000000000000000000000000000000000000                          0000000000                                                                  000042
1            A38RN3000001                      162702014                                                    092505170000070201                    3005160000000056355         K000000000000000000000000000000000000000000000000000000000000000000000000000000000000000000000000000000000000000000000                          0000000000                                                                  000043
1            A38RN5000002                      162702120                                                    092505170000070212                    3005160000000050213         K000000000000000000000000000000000000000000000000000000000000000000000000000000000000000000000000000000000000000000000                          0000000000                                                                  000044
1            A38RN6000002                      162702235                                                    092505170000070223                    3005160000000056355         K000000000000000000000000000000000000000000000000000000000000000000000000000000000000000000000000000000000000000000000                          0000000000                                                                  000045
1            A38RN7000002                      162702561                                                    092505170000070256                    3005160000000050213         K000000000000000000000000000000000000000000000000000000000000000000000000000000000000000000000000000000000000000000000                          0000000000                                                                  000046
1            A38RB2000002                      162702782                                                    092505170000070278                    3005160000000050213         K000000000000000000000000000000000000000000000000000000000000000000000000000000000000000000000000000000000000000000000                          0000000000                                                                  000047
1            A38RN8000002                      162702898                                                    092505170000070289                    3005160000000050213         K000000000000000000000000000000000000000000000000000000000000000000000000000000000000000000000000000000000000000000000                          0000000000                                                                  000048
1            A38RN9000002                      162703002                                                    092505170000070300                    3005160000000080925         K000000000000000000000000000000000000000000000000000000000000000000000000000000000000000000000000000000000000000000000                          0000000000                                                                  000049
1            A38RNA000002                      162703118                                                    092505170000070311                    3005160000000062498         K000000000000000000000000000000000000000000000000000000000000000000000000000000000000000000000000000000000000000000000                          0000000000                                                                  000050
1            A38RNB000002                      162703223                                                    092505170000070322                    3005160000000109250         K000000000000000000000000000000000000000000000000000000000000000000000000000000000000000000000000000000000000000000000                          0000000000                                                                  000051
1            A38RNC000002                      162703339                                                    092505170000070333                    3005160000000098750         K000000000000000000000000000000000000000000000000000000000000000000000000000000000000000000000000000000000000000000000                          0000000000                                                                  000052
1            A38RND000002                      162703444                                                    092505170000070344                    3005160000000125000         K000000000000000000000000000000000000000000000000000000000000000000000000000000000000000000000000000000000000000000000                          0000000000                                                                  000053
1            A38RNE000002                      162703550                                                    092505170000070355                    3005160000000094500         K000000000000000000000000000000000000000000000000000000000000000000000000000000000000000000000000000000000000000000000                          0000000000                                                                  000054
1            A38RNF000002                      162703738                                                    092505170000070373                    3005160000000090667         K000000000000000000000000000000000000000000000000000000000000000000000000000000000000000000000000000000000000000000000                          0000000000                                                                  000055
1            A38RNG000002                      162703827                                                    092505170000070382                    3005160000000104000         K000000000000000000000000000000000000000000000000000000000000000000000000000000000000000000000000000000000000000000000                          0000000000                                                                  000056
1            A38RNH000002                      162703916                                                    092505170000070391                    3005160000000104000         K000000000000000000000000000000000000000000000000000000000000000000000000000000000000000000000000000000000000000000000                          0000000000                                                                  000057
1            A38RNI000002                      162704009                                                    092505170000070400                    3005160000000072500         K000000000000000000000000000000000000000000000000000000000000000000000000000000000000000000000000000000000000000000000                          0000000000                                                                  000058
1            A38RNJ000002                      162704092                                                    092505170000070409                    3005160000000090667         K000000000000000000000000000000000000000000000000000000000000000000000000000000000000000000000000000000000000000000000                          0000000000                                                                  000059
1            A38RNK000002                      162704181                                                    092505170000070418                    3005160000000072500         K000000000000000000000000000000000000000000000000000000000000000000000000000000000000000000000000000000000000000000000                          0000000000                                                                  000060
1            A38RNL000002                      162707903                                                    092505170000070790                    3005160000000061833         K000000000000000000000000000000000000000000000000000000000000000000000000000000000000000000000000000000000000000000000                          0000000000                                                                  000061
1            A38RMV000002                      162704572                                                    092505170000070457                    3005160000000066250         K000000000000000000000000000000000000000000000000000000000000000000000000000000000000000000000000000000000000000000000                          0000000000                                                                  000062
1            A38RNM000002                      162704661                                                    092505170000070466                    3005160000000063000         K000000000000000000000000000000000000000000000000000000000000000000000000000000000000000000000000000000000000000000000                          0000000000                                                                  000063
1            C0000000000                       172041819                                                    06240517          090302                    0000000018318                                                              00000000000000000000000000000000002013400000000014510000000000366                          00        20170525                                                          000064
1            C0000000000                       172041819                                                    28240517          090302                    0000000000115                                                              00000000000000000000000000000000002013400000000014510000000000366                          B3        20170524                                                          000065
1            C0000000000                       172041827                                                    06240517          090302                    0000000018318                                                              00000000000000000000000000000000001831800000000000000000000000000                          00        20170525                                                          000066
1            C0000000000                       172041827                                                    28240517          090302                    0000000000115                                                              00000000000000000000000000000000001831800000000000000000000000000                          B3        20170524                                                          000067
9274826431                                                                                                                                                                                                                                                                                                                                                                                                000068
