02RETORNO01COBRANCA       2643103361110000177                               748BANSICREDI     20170309        0000117                                                                                                                                                                                                                                                                                 1.00000001
1            A39MMQ000002                      172315188                                                    020803170000031518                    2802170000000115952         K000000000000000000000000000000000000000000000000000000000000000000000000000000000000000000000000000000000000000000000                          0000000000                                                                  000002
1            A39MMQ000002                      172315196                                                    020803170000031519                    3103170000000115952         K000000000000000000000000000000000000000000000000000000000000000000000000000000000000000000000000000000000000000000000                          0000000000                                                                  000003
1            A39MMQ000002                      172315200                                                    020803170000031520                    3004170000000115952         K000000000000000000000000000000000000000000000000000000000000000000000000000000000000000000000000000000000000000000000                          0000000000                                                                  000004
1            A39MMQ000002                      172315218                                                    020803170000031521                    3105170000000090952         K000000000000000000000000000000000000000000000000000000000000000000000000000000000000000000000000000000000000000000000                          0000000000                                                                  000005
1            A39MMQ000002                      172315226                                                    020803170000031522                    3006170000000090952         K000000000000000000000000000000000000000000000000000000000000000000000000000000000000000000000000000000000000000000000                          0000000000                                                                  000006
1            A39MMQ000002                      172315234                                                    020803170000031523                    3107170000000090952         K000000000000000000000000000000000000000000000000000000000000000000000000000000000000000000000000000000000000000000000                          0000000000                                                                  000007
1            A39MMQ000002                      172315242                                                    020803170000031524                    3108170000000090952         K000000000000000000000000000000000000000000000000000000000000000000000000000000000000000000000000000000000000000000000                          0000000000                                                                  000008
1            A39MMQ000002                      172315250                                                    020803170000031525                    3009170000000090952         K000000000000000000000000000000000000000000000000000000000000000000000000000000000000000000000000000000000000000000000                          0000000000                                                                  000009
1            A39MMQ000002                      172315269                                                    020803170000031526                    3110170000000090952         K000000000000000000000000000000000000000000000000000000000000000000000000000000000000000000000000000000000000000000000                          0000000000                                                                  000010
1            A39MMQ000002                      172315277                                                    020803170000031527                    3011170000000090952         K000000000000000000000000000000000000000000000000000000000000000000000000000000000000000000000000000000000000000000000                          0000000000                                                                  000011
1            A00000000002                      172315382                                                    030803170000031538                    2802170000000098899         K000000000000000000000000000000000000000000000000000000000000000000000000000000000000000000000000000000000000000000000                          4800000000                                                                  000012
1            A00000000002                      172315390                                                    030803170000031539                    3103170000000098899         K000000000000000000000000000000000000000000000000000000000000000000000000000000000000000000000000000000000000000000000                          4800000000                                                                  000013
1            A00000000002                      172315404                                                    030803170000031540                    3004170000000098899         K000000000000000000000000000000000000000000000000000000000000000000000000000000000000000000000000000000000000000000000                          4800000000                                                                  000014
1            A00000000002                      172315412                                                    030803170000031541                    3105170000000073899         K000000000000000000000000000000000000000000000000000000000000000000000000000000000000000000000000000000000000000000000                          4800000000                                                                  000015
1            A00000000002                      172315420                                                    030803170000031542                    3006170000000073899         K000000000000000000000000000000000000000000000000000000000000000000000000000000000000000000000000000000000000000000000                          4800000000                                                                  000016
1            A00000000002                      172315439                                                    030803170000031543                    3107170000000073899         K000000000000000000000000000000000000000000000000000000000000000000000000000000000000000000000000000000000000000000000                          4800000000                                                                  000017
1            A00000000002                      172315447                                                    030803170000031544                    3108170000000073899         K000000000000000000000000000000000000000000000000000000000000000000000000000000000000000000000000000000000000000000000                          4800000000                                                                  000018
1            A00000000002                      172315455                                                    030803170000031545                    3009170000000073899         K000000000000000000000000000000000000000000000000000000000000000000000000000000000000000000000000000000000000000000000                          4800000000                                                                  000019
1            A00000000002                      172315463                                                    030803170000031546                    3110170000000073899         K000000000000000000000000000000000000000000000000000000000000000000000000000000000000000000000000000000000000000000000                          4800000000                                                                  000020
1            A00000000002                      172315471                                                    030803170000031547                    3011170000000073899         K000000000000000000000000000000000000000000000000000000000000000000000000000000000000000000000000000000000000000000000                          4800000000                                                                  000021
1            A39KEQ000002                      172315587                                                    020803170000031558                    2802170000000081845         K000000000000000000000000000000000000000000000000000000000000000000000000000000000000000000000000000000000000000000000                          0000000000                                                                  000022
1            A39KEQ000002                      172315595                                                    020803170000031559                    3103170000000081845         K000000000000000000000000000000000000000000000000000000000000000000000000000000000000000000000000000000000000000000000                          0000000000                                                                  000023
1            A39KEQ000002                      172315609                                                    020803170000031560                    3004170000000081845         K000000000000000000000000000000000000000000000000000000000000000000000000000000000000000000000000000000000000000000000                          0000000000                                                                  000024
1            A39KEQ000002                      172315617                                                    020803170000031561                    3105170000000081845         K000000000000000000000000000000000000000000000000000000000000000000000000000000000000000000000000000000000000000000000                          0000000000                                                                  000025
1            A39KEQ000002                      172315625                                                    020803170000031562                    3006170000000081845         K000000000000000000000000000000000000000000000000000000000000000000000000000000000000000000000000000000000000000000000                          0000000000                                                                  000026
1            A39KEQ000002                      172315633                                                    020803170000031563                    3107170000000081845         K000000000000000000000000000000000000000000000000000000000000000000000000000000000000000000000000000000000000000000000                          0000000000                                                                  000027
1            A39KEQ000002                      172315641                                                    020803170000031564                    3108170000000081845         K000000000000000000000000000000000000000000000000000000000000000000000000000000000000000000000000000000000000000000000                          0000000000                                                                  000028
1            A39KEQ000002                      172315650                                                    020803170000031565                    3009170000000081845         K000000000000000000000000000000000000000000000000000000000000000000000000000000000000000000000000000000000000000000000                          0000000000                                                                  000029
1            A39KEQ000002                      172315668                                                    020803170000031566                    3110170000000081845         K000000000000000000000000000000000000000000000000000000000000000000000000000000000000000000000000000000000000000000000                          0000000000                                                                  000030
1            A39KEQ000002                      172315676                                                    020803170000031567                    3011170000000081845         K000000000000000000000000000000000000000000000000000000000000000000000000000000000000000000000000000000000000000000000                          0000000000                                                                  000031
1            A39KER000002                      172315889                                                    020803170000031588                    2802170000000115952         K000000000000000000000000000000000000000000000000000000000000000000000000000000000000000000000000000000000000000000000                          0000000000                                                                  000032
1            A39KER000002                      172315897                                                    020803170000031589                    3103170000000115952         K000000000000000000000000000000000000000000000000000000000000000000000000000000000000000000000000000000000000000000000                          0000000000                                                                  000033
1            A39KER000002                      172315900                                                    020803170000031590                    3004170000000115952         K000000000000000000000000000000000000000000000000000000000000000000000000000000000000000000000000000000000000000000000                          0000000000                                                                  000034
1            A39KER000002                      172315919                                                    020803170000031591                    3105170000000115952         K000000000000000000000000000000000000000000000000000000000000000000000000000000000000000000000000000000000000000000000                          0000000000                                                                  000035
1            A39KER000002                      172315927                                                    020803170000031592                    3006170000000115952         K000000000000000000000000000000000000000000000000000000000000000000000000000000000000000000000000000000000000000000000                          0000000000                                                                  000036
1            A39KER000002                      172315935                                                    020803170000031593                    3107170000000115952         K000000000000000000000000000000000000000000000000000000000000000000000000000000000000000000000000000000000000000000000                          0000000000                                                                  000037
1            A39KER000002                      172315943                                                    020803170000031594                    3108170000000115952         K000000000000000000000000000000000000000000000000000000000000000000000000000000000000000000000000000000000000000000000                          0000000000                                                                  000038
1            A39KER000002                      172315951                                                    020803170000031595                    3009170000000115952         K000000000000000000000000000000000000000000000000000000000000000000000000000000000000000000000000000000000000000000000                          0000000000                                                                  000039
1            A39KER000002                      172315960                                                    020803170000031596                    3110170000000115952         K000000000000000000000000000000000000000000000000000000000000000000000000000000000000000000000000000000000000000000000                          0000000000                                                                  000040
1            A39KER000002                      172315978                                                    020803170000031597                    3011170000000115952         K000000000000000000000000000000000000000000000000000000000000000000000000000000000000000000000000000000000000000000000                          0000000000                                                                  000041
1            A39KEU000002                      172315480                                                    020803170000031548                    2802170000000104583         K000000000000000000000000000000000000000000000000000000000000000000000000000000000000000000000000000000000000000000000                          0000000000                                                                  000042
1            A39KEU000002                      172315498                                                    020803170000031549                    3103170000000104583         K000000000000000000000000000000000000000000000000000000000000000000000000000000000000000000000000000000000000000000000                          0000000000                                                                  000043
1            A39KEU000002                      172315501                                                    020803170000031550                    3004170000000104583         K000000000000000000000000000000000000000000000000000000000000000000000000000000000000000000000000000000000000000000000                          0000000000                                                                  000044
1            A39KEU000002                      172315510                                                    020803170000031551                    3105170000000079583         K000000000000000000000000000000000000000000000000000000000000000000000000000000000000000000000000000000000000000000000                          0000000000                                                                  000045
1            A39KEU000002                      172315528                                                    020803170000031552                    3006170000000079583         K000000000000000000000000000000000000000000000000000000000000000000000000000000000000000000000000000000000000000000000                          0000000000                                                                  000046
1            A39KEU000002                      172315536                                                    020803170000031553                    3107170000000079583         K000000000000000000000000000000000000000000000000000000000000000000000000000000000000000000000000000000000000000000000                          0000000000                                                                  000047
1            A39KEU000002                      172315544                                                    020803170000031554                    3108170000000079583         K000000000000000000000000000000000000000000000000000000000000000000000000000000000000000000000000000000000000000000000                          0000000000                                                                  000048
1            A39KEU000002                      172315552                                                    020803170000031555                    3009170000000079583         K000000000000000000000000000000000000000000000000000000000000000000000000000000000000000000000000000000000000000000000                          0000000000                                                                  000049
1            A39KEU000002                      172315560                                                    020803170000031556                    3110170000000079583         K000000000000000000000000000000000000000000000000000000000000000000000000000000000000000000000000000000000000000000000                          0000000000                                                                  000050
1            A39KEU000002                      172315579                                                    020803170000031557                    3011170000000079583         K000000000000000000000000000000000000000000000000000000000000000000000000000000000000000000000000000000000000000000000                          0000000000                                                                  000051
1            A39MMR000002                      172315285                                                    020803170000031528                    2802170000000127321         K000000000000000000000000000000000000000000000000000000000000000000000000000000000000000000000000000000000000000000000                          0000000000                                                                  000052
1            A00000000002                      172315293                                                    030803170000031529                    3103170000000127321         K000000000000000000000000000000000000000000000000000000000000000000000000000000000000000000000000000000000000000000000                          C600000000                                                                  000053
1            A39MMR000002                      172315307                                                    020803170000031530                    3004170000000127321         K000000000000000000000000000000000000000000000000000000000000000000000000000000000000000000000000000000000000000000000                          0000000000                                                                  000054
1            A39MMR000002                      172315315                                                    020803170000031531                    3105170000000127321         K000000000000000000000000000000000000000000000000000000000000000000000000000000000000000000000000000000000000000000000                          0000000000                                                                  000055
1            A39MMR000002                      172315323                                                    020803170000031532                    3006170000000127321         K000000000000000000000000000000000000000000000000000000000000000000000000000000000000000000000000000000000000000000000                          0000000000                                                                  000056
1            A39MMR000002                      172315331                                                    020803170000031533                    3107170000000127321         K000000000000000000000000000000000000000000000000000000000000000000000000000000000000000000000000000000000000000000000                          0000000000                                                                  000057
1            A39MMR000002                      172315340                                                    020803170000031534                    3108170000000127321         K000000000000000000000000000000000000000000000000000000000000000000000000000000000000000000000000000000000000000000000                          0000000000                                                                  000058
1            A39MMR000002                      172315358                                                    020803170000031535                    3009170000000127321         K000000000000000000000000000000000000000000000000000000000000000000000000000000000000000000000000000000000000000000000                          0000000000                                                                  000059
1            A39MMR000002                      172315366                                                    020803170000031536                    3110170000000127321         K000000000000000000000000000000000000000000000000000000000000000000000000000000000000000000000000000000000000000000000                          0000000000                                                                  000060
1            A39MMR000002                      172315374                                                    020803170000031537                    3011170000000127321         K000000000000000000000000000000000000000000000000000000000000000000000000000000000000000000000000000000000000000000000                          0000000000                                                                  000061
1            A39MMS000002                      172315684                                                    020803170000031568                    3103170000000081845         K000000000000000000000000000000000000000000000000000000000000000000000000000000000000000000000000000000000000000000000                          0000000000                                                                  000062
1            A39MMS000002                      172315692                                                    020803170000031569                    3004170000000081845         K000000000000000000000000000000000000000000000000000000000000000000000000000000000000000000000000000000000000000000000                          0000000000                                                                  000063
1            A39MMS000002                      172315706                                                    020803170000031570                    3105170000000081845         K000000000000000000000000000000000000000000000000000000000000000000000000000000000000000000000000000000000000000000000                          0000000000                                                                  000064
1            A39MMS000002                      172315714                                                    020803170000031571                    3006170000000081845         K000000000000000000000000000000000000000000000000000000000000000000000000000000000000000000000000000000000000000000000                          0000000000                                                                  000065
1            A39MMS000002                      172315722                                                    020803170000031572                    3107170000000081845         K000000000000000000000000000000000000000000000000000000000000000000000000000000000000000000000000000000000000000000000                          0000000000                                                                  000066
1            A39MMS000002                      172315730                                                    020803170000031573                    3108170000000081845         K000000000000000000000000000000000000000000000000000000000000000000000000000000000000000000000000000000000000000000000                          0000000000                                                                  000067
1            A39MMS000002                      172315749                                                    020803170000031574                    3009170000000081845         K000000000000000000000000000000000000000000000000000000000000000000000000000000000000000000000000000000000000000000000                          0000000000                                                                  000068
1            A39MMS000002                      172315757                                                    020803170000031575                    3110170000000081845         K000000000000000000000000000000000000000000000000000000000000000000000000000000000000000000000000000000000000000000000                          0000000000                                                                  000069
1            A39MMS000002                      172315765                                                    020803170000031576                    3011170000000081845         K000000000000000000000000000000000000000000000000000000000000000000000000000000000000000000000000000000000000000000000                          0000000000                                                                  000070
1            A39MMS000002                      172315773                                                    020803170000031577                    3112170000000081845         K000000000000000000000000000000000000000000000000000000000000000000000000000000000000000000000000000000000000000000000                          0000000000                                                                  000071
1            A39MMT000002                      172315781                                                    020803170000031578                    3103170000000127321         K000000000000000000000000000000000000000000000000000000000000000000000000000000000000000000000000000000000000000000000                          0000000000                                                                  000072
1            A39MMT000002                      172315790                                                    020803170000031579                    3004170000000127321         K000000000000000000000000000000000000000000000000000000000000000000000000000000000000000000000000000000000000000000000                          0000000000                                                                  000073
1            A39MMT000002                      172315803                                                    020803170000031580                    3105170000000127321         K000000000000000000000000000000000000000000000000000000000000000000000000000000000000000000000000000000000000000000000                          0000000000                                                                  000074
1            A39MMT000002                      172315811                                                    020803170000031581                    3006170000000127321         K000000000000000000000000000000000000000000000000000000000000000000000000000000000000000000000000000000000000000000000                          0000000000                                                                  000075
1            A39MMT000002                      172315820                                                    020803170000031582                    3107170000000127321         K000000000000000000000000000000000000000000000000000000000000000000000000000000000000000000000000000000000000000000000                          0000000000                                                                  000076
1            A39MMT000002                      172315838                                                    020803170000031583                    3108170000000127321         K000000000000000000000000000000000000000000000000000000000000000000000000000000000000000000000000000000000000000000000                          0000000000                                                                  000077
1            A39MMT000002                      172315846                                                    020803170000031584                    3009170000000127321         K000000000000000000000000000000000000000000000000000000000000000000000000000000000000000000000000000000000000000000000                          0000000000                                                                  000078
1            A39MMT000002                      172315854                                                    020803170000031585                    3110170000000127321         K000000000000000000000000000000000000000000000000000000000000000000000000000000000000000000000000000000000000000000000                          0000000000                                                                  000079
1            A39MMT000002                      172315862                                                    020803170000031586                    3011170000000127321         K000000000000000000000000000000000000000000000000000000000000000000000000000000000000000000000000000000000000000000000                          0000000000                                                                  000080
1            A39MMT000002                      172315870                                                    020803170000031587                    3112170000000127321         K000000000000000000000000000000000000000000000000000000000000000000000000000000000000000000000000000000000000000000000                          0000000000                                                                  000081
1            A39K5G000002                      172038389                                                    060803170000003838090312              2802170000000078323         K000000000000000000000000000000000000000000000000000000000000000000000000000000000000008001700000000001280000000001566                          000000000020170309                                                          000082
1            A39K4X000002                      172033883                                                    060803170000003388090302              3103170000000061610         K000000000000000000000000000000000000000000000000000000000000000000000000002010000000005960000000000000000000000000000                          000000000020170309                                                          000083
1            A39K1V000001                      172009893                                                    060803170000000989090312              2802170000000063848         K000000000000000000000000000000000000000000000000000000000000000000000000000000000000006522800000000001040000000001276                          000000000020170309                                                          000084
1            A39K1V000001                      172009907                                                    060803170000000990090312              3103170000000063848         K000000000000000000000000000000000000000000000000000000000000000000000000002448000000006140000000000000000000000000000                          000000000020170309                                                          000085
1            A39K08000002                      172002422                                                    060803170000000242COMPE               3103170000000051636         K000000000000000000000000000000000000000000000000000000000000000000000000000000000000004980000000000000000000000000000                          H50000000020170309                                                          000086
1            A39K2F000002                      172012762                                                    060803170000001276COMPE               3103170000000051636         K000000000000000000000000000000000000000000000000000000000000000000000000000000000000004980000000000000000000000000000                          H50000000020170309                                                          000087
1            A39K3E000002                      172017276                                                    060803170000001727COMPE               3103170000000030265         K000000000000000000000000000000000000000000000000000000000000000000000000000000000000002950000000000000000000000000000                          H50000000020170309                                                          000088
1            A39K3U000002                      172020790                                                    060803170000002079COMPE               3103170000000045530         K000000000000000000000000000000000000000000000000000000000000000000000000000000000000004400000000000000000000000000000                          H50000000020170309                                                          000089
1            A39K53000002                      172035649                                                    060803170000003564COMPE               3103170000000074980         K000000000000000000000000000000000000000000000000000000000000000000000000000000000000007230000000000000000000000000000                          H50000000020170309                                                          000090
1            A39K0Z000002                      172040596                                                    060803170000004059COMPE               3103170000000042742         K000000000000000000000000000000000000000000000000000000000000000000000000000000000000004060000000000000000000000000000                          H50000000020170309                                                          000091
1            A39K10000002                      172040707                                                    060803170000004070COMPE               3103170000000048848         K000000000000000000000000000000000000000000000000000000000000000000000000000000000000004640000000000000000000000000000                          H50000000020170309                                                          000092
1            A39KEH000002                      172304275                                                    060803170000030427COMPE               3103170000000081845         K000000000000000000000000000000000000000000000000000000000000000000000000000000000000007900000000000000000000000000000                          H50000000020170309                                                          000093
1            A39KF8000002                      172310186                                                    060803170000031018COMPE               3103170000000115952         K000000000000000000000000000000000000000000000000000000000000000000000000000000000000011140000000000000000000000000000                          H50000000020170309                                                          000094
1            A39K5G000002                      172038389                                                    280803170000003838                    2802170000000078323         K000000000011500000000000000000000000000000000000000000000000000000000000000000000000000011500000000000000000000000000                          B30000000020170308                                                          000095
1            A39K4X000002                      172033883                                                    280803170000003388                    3103170000000061610         K000000000011500000000000000000000000000000000000000000000000000000000000000000000000000011500000000000000000000000000                          B30000000020170308                                                          000096
1            A39K1V000001                      172009893                                                    280803170000000989                    2802170000000063848         K000000000011500000000000000000000000000000000000000000000000000000000000000000000000000011500000000000000000000000000                          B30000000020170308                                                          000097
1            A39K1V000001                      172009907                                                    280803170000000990                    3103170000000063848         K000000000011500000000000000000000000000000000000000000000000000000000000000000000000000011500000000000000000000000000                          B30000000020170308                                                          000098
1            A39K08000002                      172002422                                                    280803170000000242                    3103170000000051636         K000000000011500000000000000000000000000000000000000000000000000000000000000000000000000011500000000000000000000000000                          B30000000020170308                                                          000099
1            A39K2F000002                      172012762                                                    280803170000001276                    3103170000000051636         K000000000011500000000000000000000000000000000000000000000000000000000000000000000000000011500000000000000000000000000                          B30000000020170308                                                          000100
1            A39K3E000002                      172017276                                                    280803170000001727                    3103170000000030265         K000000000011500000000000000000000000000000000000000000000000000000000000000000000000000011500000000000000000000000000                          B30000000020170308                                                          000101
1            A39K3U000002                      172020790                                                    280803170000002079                    3103170000000045530         K000000000011500000000000000000000000000000000000000000000000000000000000000000000000000011500000000000000000000000000                          B30000000020170308                                                          000102
1            A39K53000002                      172035649                                                    280803170000003564                    3103170000000074980         K000000000011500000000000000000000000000000000000000000000000000000000000000000000000000011500000000000000000000000000                          B30000000020170308                                                          000103
1            A39K0Z000002                      172040596                                                    280803170000004059                    3103170000000042742         K000000000011500000000000000000000000000000000000000000000000000000000000000000000000000011500000000000000000000000000                          B30000000020170308                                                          000104
1            A39K10000002                      172040707                                                    280803170000004070                    3103170000000048848         K000000000011500000000000000000000000000000000000000000000000000000000000000000000000000011500000000000000000000000000                          B30000000020170308                                                          000105
1            A39KEH000002                      172304275                                                    280803170000030427                    3103170000000081845         K000000000011500000000000000000000000000000000000000000000000000000000000000000000000000011500000000000000000000000000                          B30000000020170308                                                          000106
1            A39KF8000002                      172310186                                                    280803170000031018                    3103170000000115952         K000000000011500000000000000000000000000000000000000000000000000000000000000000000000000011500000000000000000000000000                          B30000000020170308                                                          000107
1            C0000000000                       172312723                                                    06080317          090312                    0000000104583                                                              00000000000000000000003983000000010060000000000000000000000000000                          00        20170309                                                          000108
1            C0000000000                       172312723                                                    28080317          090312                    0000000000115                                                              00000000000000000000003983000000010060000000000000000000000000000                          B3        20170308                                                          000109
1            C0000000000                       172315390                                                    06080317          COMPE                     0000000098899                                                              00000000000000000000000000000000009520000000000000000000000000000                          H5        20170309                                                          000110
1            C0000000000                       172315390                                                    28080317          COMPE                     0000000000115                                                              00000000000000000000000000000000009520000000000000000000000000000                          B3        20170308                                                          000111
9274826431                                                                                                                                                                                                                                                                                                                                                                                                000112
