02RETORNO01COBRANCA       2643103361110000177                               748BANSICREDI     20170509        0000156                                                                                                                                                                                                                                                                                 1.00000001
1            A38RB8000002                      172027085                                                    060805170000002708090312              3105170000000063848         K000000000000000000000000000000000000000000000000000000000000000000000000002448000000006140000000000000000000000000000                          000000000020170509                                                          000002
1            A39K0B000002                      172002880                                                    060805170000000288090302              3105170000000045530         K000000000000000000000000000000000000000000000000000000000000000000000000001530000000004400000000000000000000000000000                          000000000020170509                                                          000003
1            A39KE6000002                      172305603                                                    060805170000030560090312              3105170000000110268         K000000000000000000000000000000000000000000000000000000000000000000000000004268000000010600000000000000000000000000000                          000000000020170509                                                          000004
1            A38RMR000002                      172013980                                                    060805170000001398090316              3004170000000057742         K000000000000000000000000000000000000000000000000000000000000000000000000000000000000005899200000000000960000000001154                          000000000020170509                                                          000005
1            A38RC5000002                      172035444                                                    060805170000003544090314              3105170000000061610         K000000000000000000000000000000000000000000000000000000000000000000000000002010000000005960000000000000000000000000000                          000000000020170509                                                          000006
1            A39K2N000002                      172013769                                                    060805170000001376090316              3004170000000015000         K000000000000000000000000000000000000000000000000000000000000000000000000000000000000001533600000000000360000000000300                          000000000020170509                                                          000007
1            A39K0K000002                      172003984                                                    060805170000000398COMPE               3105170000000060795         K000000000000000000000000000000000000000000000000000000000000000000000000000000000000005850000000000000000000000000000                          H50000000020170509                                                          000008
1            A39K0X000002                      172005634                                                    060805170000000563COMPE               3105170000000063848         K000000000000000000000000000000000000000000000000000000000000000000000000000000000000006140000000000000000000000000000                          H50000000020170509                                                          000009
1            A39K2L000001                      172013556                                                    060805170000001355COMPE               3105170000000063848         K000000000000000000000000000000000000000000000000000000000000000000000000000000000000006140000000000000000000000000000                          H50000000020170509                                                          000010
1            A39K36000002                      172016415                                                    060805170000001641COMPE               3105170000000066901         K000000000000000000000000000000000000000000000000000000000000000000000000000000000000006430000000000000000000000000000                          H50000000020170509                                                          000011
1            A39K3Q000002                      172020269                                                    060805170000002026COMPE               3105170000000051636         K000000000000000000000000000000000000000000000000000000000000000000000000000000000000004980000000000000000000000000000                          H50000000020170509                                                          000012
1            A39K48000002                      172024221                                                    060805170000002422COMPE               3105170000000063848         K000000000000000000000000000000000000000000000000000000000000000000000000000000000000006140000000000000000000000000000                          H50000000020170509                                                          000013
1            A38RAW000002                      172024990                                                    060805170000002499COMPE               3105170000000063848         K000000000000000000000000000000000000000000000000000000000000000000000000000000000000006140000000000000000000000000000                          H50000000020170509                                                          000014
1            A38RSR000002                      172025872                                                    060805170000002587COMPE               3105170000000015000         K000000000000000000000000000000000000000000000000000000000000000000000000000000000000001500000000000000000000000000000                          H50000000020170509                                                          000015
1            A39K4G000002                      172028510                                                    060805170000002851COMPE               3105170000000088350         K000000000000000000000000000000000000000000000000000000000000000000000000000000000000008500000000000000000000000000000                          H50000000020170509                                                          000016
1            A38RCB000002                      172030604                                                    060805170000003060COMPE               3105170000000054925         K000000000000000000000000000000000000000000000000000000000000000000000000000000000000005325000000000000000000000000000                          H50000000020170509                                                          000017
1            A39K4P000002                      172031376                                                    060805170000003137COMPE               3105170000000068295         K000000000000000000000000000000000000000000000000000000000000000000000000000000000000006595000000000000000000000000000                          H50000000020170509                                                          000018
1            A39K4Y000001                      172034235                                                    060805170000003423COMPE               3105170000000048240         K000000000000000000000000000000000000000000000000000000000000000000000000000000000000004690000000000000000000000000000                          H50000000020170509                                                          000019
1            A39K5K000002                      172039296                                                    060805170000003929COMPE               3105170000000088350         K000000000000000000000000000000000000000000000000000000000000000000000000000000000000008500000000000000000000000000000                          H50000000020170509                                                          000020
1            A39JZV000002                      172041932                                                    060805170000004193COMPE               3105170000000045530         K000000000000000000000000000000000000000000000000000000000000000000000000000000000000004400000000000000000000000000000                          H50000000020170509                                                          000021
1            A39KED000001                      172303104                                                    060805170000030310COMPE               3105170000000093214         K000000000000000000000000000000000000000000000000000000000000000000000000000000000000008980000000000000000000000000000                          H50000000020170509                                                          000022
1            A38RDM000002                      172311506                                                    060805170000031150COMPE               3105170000000074980         K000000000000000000000000000000000000000000000000000000000000000000000000000000000000007230000000000000000000000000000                          H50000000020170509                                                          000023
1            A39NRY000002                      172316290                                                    060805170000031629COMPE               3105170000000093214         K000000000000000000000000000000000000000000000000000000000000000000000000000000000000008980000000000000000000000000000                          H50000000020170509                                                          000024
1            A38RB8000002                      172027085                                                    280805170000002708                    3105170000000063848         K000000000011500000000000000000000000000000000000000000000000000000000000000000000000000011500000000000000000000000000                          B30000000020170508                                                          000025
1            A39K0B000002                      172002880                                                    280805170000000288                    3105170000000045530         K000000000011500000000000000000000000000000000000000000000000000000000000000000000000000011500000000000000000000000000                          B30000000020170508                                                          000026
1            A39KE6000002                      172305603                                                    280805170000030560                    3105170000000110268         K000000000011500000000000000000000000000000000000000000000000000000000000000000000000000011500000000000000000000000000                          B30000000020170508                                                          000027
1            A38RMR000002                      172013980                                                    280805170000001398                    3004170000000057742         K000000000011500000000000000000000000000000000000000000000000000000000000000000000000000011500000000000000000000000000                          B30000000020170508                                                          000028
1            A38RC5000002                      172035444                                                    280805170000003544                    3105170000000061610         K000000000011500000000000000000000000000000000000000000000000000000000000000000000000000011500000000000000000000000000                          B30000000020170508                                                          000029
1            A39K2N000002                      172013769                                                    280805170000001376                    3004170000000015000         K000000000011500000000000000000000000000000000000000000000000000000000000000000000000000011500000000000000000000000000                          B30000000020170508                                                          000030
1            A39K0K000002                      172003984                                                    280805170000000398                    3105170000000060795         K000000000011500000000000000000000000000000000000000000000000000000000000000000000000000011500000000000000000000000000                          B30000000020170508                                                          000031
1            A39K0X000002                      172005634                                                    280805170000000563                    3105170000000063848         K000000000011500000000000000000000000000000000000000000000000000000000000000000000000000011500000000000000000000000000                          B30000000020170508                                                          000032
1            A39K2L000001                      172013556                                                    280805170000001355                    3105170000000063848         K000000000011500000000000000000000000000000000000000000000000000000000000000000000000000011500000000000000000000000000                          B30000000020170508                                                          000033
1            A39K36000002                      172016415                                                    280805170000001641                    3105170000000066901         K000000000011500000000000000000000000000000000000000000000000000000000000000000000000000011500000000000000000000000000                          B30000000020170508                                                          000034
1            A39K3Q000002                      172020269                                                    280805170000002026                    3105170000000051636         K000000000011500000000000000000000000000000000000000000000000000000000000000000000000000011500000000000000000000000000                          B30000000020170508                                                          000035
1            A39K48000002                      172024221                                                    280805170000002422                    3105170000000063848         K000000000011500000000000000000000000000000000000000000000000000000000000000000000000000011500000000000000000000000000                          B30000000020170508                                                          000036
1            A38RAW000002                      172024990                                                    280805170000002499                    3105170000000063848         K000000000011500000000000000000000000000000000000000000000000000000000000000000000000000011500000000000000000000000000                          B30000000020170508                                                          000037
1            A38RSR000002                      172025872                                                    280805170000002587                    3105170000000015000         K000000000011500000000000000000000000000000000000000000000000000000000000000000000000000011500000000000000000000000000                          B30000000020170508                                                          000038
1            A39K4G000002                      172028510                                                    280805170000002851                    3105170000000088350         K000000000011500000000000000000000000000000000000000000000000000000000000000000000000000011500000000000000000000000000                          B30000000020170508                                                          000039
1            A38RCB000002                      172030604                                                    280805170000003060                    3105170000000054925         K000000000011500000000000000000000000000000000000000000000000000000000000000000000000000011500000000000000000000000000                          B30000000020170508                                                          000040
1            A39K4P000002                      172031376                                                    280805170000003137                    3105170000000068295         K000000000011500000000000000000000000000000000000000000000000000000000000000000000000000011500000000000000000000000000                          B30000000020170508                                                          000041
1            A39K4Y000001                      172034235                                                    280805170000003423                    3105170000000048240         K000000000011500000000000000000000000000000000000000000000000000000000000000000000000000011500000000000000000000000000                          B30000000020170508                                                          000042
1            A39K5K000002                      172039296                                                    280805170000003929                    3105170000000088350         K000000000011500000000000000000000000000000000000000000000000000000000000000000000000000011500000000000000000000000000                          B30000000020170508                                                          000043
1            A39JZV000002                      172041932                                                    280805170000004193                    3105170000000045530         K000000000011500000000000000000000000000000000000000000000000000000000000000000000000000011500000000000000000000000000                          B30000000020170508                                                          000044
1            A39KED000001                      172303104                                                    280805170000030310                    3105170000000093214         K000000000011500000000000000000000000000000000000000000000000000000000000000000000000000011500000000000000000000000000                          B30000000020170508                                                          000045
1            A38RDM000002                      172311506                                                    280805170000031150                    3105170000000074980         K000000000011500000000000000000000000000000000000000000000000000000000000000000000000000011500000000000000000000000000                          B30000000020170508                                                          000046
1            A39NRY000002                      172316290                                                    280805170000031629                    3105170000000093214         K000000000011500000000000000000000000000000000000000000000000000000000000000000000000000011500000000000000000000000000                          B30000000020170508                                                          000047
9274826431                                                                                                                                                                                                                                                                                                                                                                                                000048
