02RETORNO01COBRANCA       2643103361110000177                               748BANSICREDI     20170301        0000111                                                                                                                                                                                                                                                                                 1.00000001
1            A39K1R000002                      172009451                                                    062402170000000945090325              2802170000000054689         K000000000000000000000000000000000000000000000000000000000000000000000000000000000000005468900000000000000000000000000                          000000000020170301                                                          000002
1            A39KDQ000002                      172306871                                                    062402170000030687091403              2802170000000104583         K000000000000000000000000000000000000000000000000000000000000000000000000000000000000010458300000000000000000000000000                          000000000020170301                                                          000003
1            A39K1I000002                      172008358                                                    062402170000000835COMPE               2802170000000063848         K000000000000000000000000000000000000000000000000000000000000000000000000000000000000006384800000000000000000000000000                          H50000000020170301                                                          000004
1            A39K1L000002                      172008684                                                    062402170000000868COMPE               2802170000000051636         K000000000000000000000000000000000000000000000000000000000000000000000000000000000000005163600000000000000000000000000                          H50000000020170301                                                          000005
1            A39K25000002                      172011650                                                    062402170000001165COMPE               2802170000000045530         K000000000000000000000000000000000000000000000000000000000000000000000000000000000000004400000000000000000000000000000                          H50000000020170301                                                          000006
1            A38RT8000002                      172028375                                                    062402170000002837COMPE               2802170000000021500         K000000000000000000000000000000000000000000000000000000000000000000000000000000000000002150000000000000000000000000000                          H50000000020170301                                                          000007
1            A39K4V000002                      172032666                                                    062402170000003266COMPE               2802170000000068295         K000000000000000000000000000000000000000000000000000000000000000000000000000000000000006829500000000000000000000000000                          H50000000020170301                                                          000008
1            A38RD2000002                      172032771                                                    062402170000003277COMPE               2802170000000054925         K000000000000000000000000000000000000000000000000000000000000000000000000000000000000005492500000000000000000000000000                          H50000000020170301                                                          000009
1            A39K1R000002                      172009451                                                    282402170000000945                    2802170000000054689         K000000000011500000000000000000000000000000000000000000000000000000000000000000000000000011500000000000000000000000000                          B30000000020170224                                                          000010
1            A39KDQ000002                      172306871                                                    282402170000030687                    2802170000000104583         K000000000011500000000000000000000000000000000000000000000000000000000000000000000000000011500000000000000000000000000                          B30000000020170224                                                          000011
1            A39K1I000002                      172008358                                                    282402170000000835                    2802170000000063848         K000000000011500000000000000000000000000000000000000000000000000000000000000000000000000011500000000000000000000000000                          B30000000020170224                                                          000012
1            A39K1L000002                      172008684                                                    282402170000000868                    2802170000000051636         K000000000011500000000000000000000000000000000000000000000000000000000000000000000000000011500000000000000000000000000                          B30000000020170224                                                          000013
1            A39K25000002                      172011650                                                    282402170000001165                    2802170000000045530         K000000000011500000000000000000000000000000000000000000000000000000000000000000000000000011500000000000000000000000000                          B30000000020170224                                                          000014
1            A38RT8000002                      172028375                                                    282402170000002837                    2802170000000021500         K000000000011500000000000000000000000000000000000000000000000000000000000000000000000000011500000000000000000000000000                          B30000000020170224                                                          000015
1            A39K4V000002                      172032666                                                    282402170000003266                    2802170000000068295         K000000000011500000000000000000000000000000000000000000000000000000000000000000000000000011500000000000000000000000000                          B30000000020170224                                                          000016
1            A38RD2000002                      172032771                                                    282402170000003277                    2802170000000054925         K000000000011500000000000000000000000000000000000000000000000000000000000000000000000000011500000000000000000000000000                          B30000000020170224                                                          000017
9274826431                                                                                                                                                                                                                                                                                                                                                                                                000018
