02RETORNO01COBRANCA       2643103361110000177                               748BANSICREDI     20170413        0000142                                                                                                                                                                                                                                                                                 1.00000001
1            A39K1T000002                      172040936                                                    061204170000004093090302              3004170000000048848         K000000000000000000000000000000000000000000000000000000000000000000000000000000000000004884800000000000000000000000000                          000000000020170413                                                          000002
1            A38RC1000002                      172033565                                                    061204170000003356090316              3004170000000074980         K000000000000000000000000000000000000000000000000000000000000000000000000000000000000007498000000000000000000000000000                          000000000020170413                                                          000003
1            A39K3C000002                      172017063                                                    061204170000001706COMPE               3004170000000033318         K000000000000000000000000000000000000000000000000000000000000000000000000000000000000003331800000000000000000000000000                          H50000000020170413                                                          000004
1            A39K1T000002                      172040936                                                    281204170000004093                    3004170000000048848         K000000000011500000000000000000000000000000000000000000000000000000000000000000000000000011500000000000000000000000000                          B30000000020170412                                                          000005
1            A38RC1000002                      172033565                                                    281204170000003356                    3004170000000074980         K000000000011500000000000000000000000000000000000000000000000000000000000000000000000000011500000000000000000000000000                          B30000000020170412                                                          000006
1            A39K3C000002                      172017063                                                    281204170000001706                    3004170000000033318         K000000000011500000000000000000000000000000000000000000000000000000000000000000000000000011500000000000000000000000000                          B30000000020170412                                                          000007
1            C0000000000                       172311590                                                    06120417          090316                    0000000021500                                                              00000000000000000000000000000000002152800000000000240000000000004                          00        20170413                                                          000008
1            C0000000000                       172311590                                                    28120417          090316                    0000000000115                                                              00000000000000000000000000000000002152800000000000240000000000004                          B3        20170412                                                          000009
9274826431                                                                                                                                                                                                                                                                                                                                                                                                000010
