02RETORNO01COBRANCA       2643103361110000177                               748BANSICREDI     20170412        0000141                                                                                                                                                                                                                                                                                 1.00000001
1            A39K38000002                      172016628                                                    061104170000001662COMPE               3004170000000063848         K000000000000000000000000000000000000000000000000000000000000000000000000000000000000006140000000000000000000000000000                          H50000000020170412                                                          000002
1            A38RT8000002                      172028391                                                    061104170000002839COMPE               3004170000000021500         K000000000000000000000000000000000000000000000000000000000000000000000000000000000000002150000000000000000000000000000                          H50000000020170412                                                          000003
1            A39KEH000002                      172304283                                                    061104170000030428COMPE               3004170000000081845         K000000000000000000000000000000000000000000000000000000000000000000000000000000000000008184500000000000000000000000000                          H50000000020170412                                                          000004
1            A39K38000002                      172016628                                                    281104170000001662                    3004170000000063848         K000000000011500000000000000000000000000000000000000000000000000000000000000000000000000011500000000000000000000000000                          B30000000020170411                                                          000005
1            A38RT8000002                      172028391                                                    281104170000002839                    3004170000000021500         K000000000011500000000000000000000000000000000000000000000000000000000000000000000000000011500000000000000000000000000                          B30000000020170411                                                          000006
1            A39KEH000002                      172304283                                                    281104170000030428                    3004170000000081845         K000000000011500000000000000000000000000000000000000000000000000000000000000000000000000011500000000000000000000000000                          B30000000020170411                                                          000007
9274826431                                                                                                                                                                                                                                                                                                                                                                                                000008
