02RETORNO01COBRANCA       2643103361110000177                               748BANSICREDI     20170602        0000172                                                                                                                                                                                                                                                                                 1.00000001
1            A39K56000002                      172036009                                                    060106170000003600090302              3006170000000054925         K000000000000000000000000000000000000000000000000000000000000000000000000001675000000005325000000000000000000000000000                          000000000020170602                                                          000002
1            A39K0V000002                      172005421                                                    060106170000000542090302              3006170000000063848         K000000000000000000000000000000000000000000000000000000000000000000000000019848000000004400000000000000000000000000000                          000000000020170602                                                          000003
1            A38RCF000002                      172032143                                                    060106170000003214090302              3105170000000074980         K000000000000000000000000000000000000000000000000000000000000000000000000000000000000007650100000000000220000000001499                          000000000020170602                                                          000004
1            A38RAZ000002                      172025546                                                    060106170000002554090312              3105170000000033318         K000000000000000000000000000000000000000000000000000000000000000000000000000000000000003399100000000000070000000000666                          000000000020170602                                                          000005
1            A39K5G000002                      172038400                                                    060106170000003840090312              3004170000000078323         K000000000000000000000000000000000000000000000000000000000000000000000000000000000000007992100000000000320000000001566                          000000000020170602                                                          000006
1            A39K5G000002                      172038419                                                    060106170000003841090312              3105170000000078323         K000000000000000000000000000000000000000000000000000000000000000000000000000000000000007989000000000000010000000001566                          000000000020170602                                                          000007
1            A39K08000002                      172002457                                                    060106170000000245COMPE               3006170000000051636         K000000000000000000000000000000000000000000000000000000000000000000000000000000000000004980000000000000000000000000000                          H50000000020170602                                                          000008
1            A39K1C000002                      172007629                                                    060106170000000762COMPE               3006170000000063848         K000000000000000000000000000000000000000000000000000000000000000000000000000000000000006140000000000000000000000000000                          H50000000020170602                                                          000009
1            A39K1D000002                      172007734                                                    060106170000000773COMPE               3006170000000057742         K000000000000000000000000000000000000000000000000000000000000000000000000000000000000005560000000000000000000000000000                          H50000000020170602                                                          000010
1            A39K56000002                      172036009                                                    280106170000003600                    3006170000000054925         K000000000011500000000000000000000000000000000000000000000000000000000000000000000000000011500000000000000000000000000                          B30000000020170601                                                          000011
1            A39K0V000002                      172005421                                                    280106170000000542                    3006170000000063848         K000000000011500000000000000000000000000000000000000000000000000000000000000000000000000011500000000000000000000000000                          B30000000020170601                                                          000012
1            A38RCF000002                      172032143                                                    280106170000003214                    3105170000000074980         K000000000011500000000000000000000000000000000000000000000000000000000000000000000000000011500000000000000000000000000                          B30000000020170601                                                          000013
1            A38RAZ000002                      172025546                                                    280106170000002554                    3105170000000033318         K000000000011500000000000000000000000000000000000000000000000000000000000000000000000000011500000000000000000000000000                          B30000000020170601                                                          000014
1            A39K5G000002                      172038400                                                    280106170000003840                    3004170000000078323         K000000000011500000000000000000000000000000000000000000000000000000000000000000000000000011500000000000000000000000000                          B30000000020170601                                                          000015
1            A39K5G000002                      172038419                                                    280106170000003841                    3105170000000078323         K000000000011500000000000000000000000000000000000000000000000000000000000000000000000000011500000000000000000000000000                          B30000000020170601                                                          000016
1            A39K08000002                      172002457                                                    280106170000000245                    3006170000000051636         K000000000011500000000000000000000000000000000000000000000000000000000000000000000000000011500000000000000000000000000                          B30000000020170601                                                          000017
1            A39K1C000002                      172007629                                                    280106170000000762                    3006170000000063848         K000000000011500000000000000000000000000000000000000000000000000000000000000000000000000011500000000000000000000000000                          B30000000020170601                                                          000018
1            A39K1D000002                      172007734                                                    280106170000000773                    3006170000000057742         K000000000011500000000000000000000000000000000000000000000000000000000000000000000000000011500000000000000000000000000                          B30000000020170601                                                          000019
1            C0000000000                       172043781                                                    06010617          090314                    0000000076060                                                              00000000000000000000003060000000007300000000000000000000000000000                          00        20170602                                                          000020
1            C0000000000                       172043781                                                    28010617          090314                    0000000000115                                                              00000000000000000000003060000000007300000000000000000000000000000                          B3        20170601                                                          000021
9274826431                                                                                                                                                                                                                                                                                                                                                                                                000022
