02RETORNO01COBRANCA       2643103361110000177                               748BANSICREDI     20170418        0000143                                                                                                                                                                                                                                                                                 1.00000001
1            A39K5G000002                      172038397                                                    061704170000003839090312              3103170000000078323         K000000000000000000000000000000000000000000000000000000000000000000000000000000000000008016100000000002720000000001566                          000000000020170418                                                          000002
1            A39K11000002                      172006061                                                    061704170000000606COMPE               3004170000000060795         K000000000000000000000000000000000000000000000000000000000000000000000000000000000000006079500000000000000000000000000                          H50000000020170418                                                          000003
1            A39K16000002                      172006720                                                    061704170000000672COMPE               3004170000000045530         K000000000000000000000000000000000000000000000000000000000000000000000000000000000000004553000000000000000000000000000                          H50000000020170418                                                          000004
1            A39K2K000002                      172013432                                                    061704170000001343COMPE               3004170000000076060         K000000000000000000000000000000000000000000000000000000000000000000000000000000000000007606000000000000000000000000000                          H50000000020170418                                                          000005
1            A38RAP000002                      172023446                                                    061704170000002344COMPE               3004170000000076060         K000000000000000000000000000000000000000000000000000000000000000000000000000000000000007606000000000000000000000000000                          H50000000020170418                                                          000006
1            A38RSR000002                      172025864                                                    061704170000002586COMPE               3004170000000015000         K000000000000000000000000000000000000000000000000000000000000000000000000000000000000001500000000000000000000000000000                          H50000000020170418                                                          000007
1            A39K5G000002                      172038397                                                    281704170000003839                    3103170000000078323         K000000000011500000000000000000000000000000000000000000000000000000000000000000000000000011500000000000000000000000000                          B30000000020170417                                                          000008
1            A39K11000002                      172006061                                                    281704170000000606                    3004170000000060795         K000000000011500000000000000000000000000000000000000000000000000000000000000000000000000011500000000000000000000000000                          B30000000020170417                                                          000009
1            A39K16000002                      172006720                                                    281704170000000672                    3004170000000045530         K000000000011500000000000000000000000000000000000000000000000000000000000000000000000000011500000000000000000000000000                          B30000000020170417                                                          000010
1            A39K2K000002                      172013432                                                    281704170000001343                    3004170000000076060         K000000000011500000000000000000000000000000000000000000000000000000000000000000000000000011500000000000000000000000000                          B30000000020170417                                                          000011
1            A38RAP000002                      172023446                                                    281704170000002344                    3004170000000076060         K000000000011500000000000000000000000000000000000000000000000000000000000000000000000000011500000000000000000000000000                          B30000000020170417                                                          000012
1            A38RSR000002                      172025864                                                    281704170000002586                    3004170000000015000         K000000000011500000000000000000000000000000000000000000000000000000000000000000000000000011500000000000000000000000000                          B30000000020170417                                                          000013
9274826431                                                                                                                                                                                                                                                                                                                                                                                                000014
