02RETORNO01COBRANCA       2643103361110000177                               748BANSICREDI     20170410        0000139                                                                                                                                                                                                                                                                                 1.00000001
1            A38RB8000002                      172027077                                                    060704170000002707090312              3004170000000063848         K000000000000000000000000000000000000000000000000000000000000000000000000002448000000006140000000000000000000000000000                          000000000020170410                                                          000002
1            A39K0R000002                      172004956                                                    060704170000000495090325              3103170000000045530         K000000000000000000000000000000000000000000000000000000000000000000000000000000000000004650300000000000630000000000910                          000000000020170410                                                          000003
1            A38R9Z000002                      172024108                                                    060704170000002410090325              3004170000000045530         K000000000000000000000000000000000000000000000000000000000000015300000000000000000000004400000000000000000000000000000                          000000000020170410                                                          000004
1            A38RA6000002                      172017500                                                    060704170000001750090316              3004170000000054689         K000000000000000000000000000000000000000000000000000000000000000000000000001989000000005270000000000000000000000000000                          000000000020170410                                                          000005
1            A39K0X000002                      172005626                                                    060704170000000562COMPE               3004170000000063848         K000000000000000000000000000000000000000000000000000000000000000000000000000000000000006140000000000000000000000000000                          H50000000020170410                                                          000006
1            A39K0Y000002                      172005731                                                    060704170000000573COMPE               3004170000000063848         K000000000000000000000000000000000000000000000000000000000000000000000000000000000000006140000000000000000000000000000                          H50000000020170410                                                          000007
1            A39K20000002                      172010689                                                    060704170000001068COMPE               3004170000000063848         K000000000000000000000000000000000000000000000000000000000000000000000000000000000000006140000000000000000000000000000                          H50000000020170410                                                          000008
1            A39K3E000002                      172017284                                                    060704170000001728COMPE               3004170000000030265         K000000000000000000000000000000000000000000000000000000000000000000000000000000000000002950000000000000000000000000000                          H50000000020170410                                                          000009
1            A38R9N000002                      172017942                                                    060704170000001794COMPE               3004170000000076060         K000000000000000000000000000000000000000000000000000000000000000000000000000000000000007300000000000000000000000000000                          H50000000020170410                                                          000010
1            A38R9P000002                      172018272                                                    060704170000001827COMPE               3004170000000054689         K000000000000000000000000000000000000000000000000000000000000000000000000000000000000005270000000000000000000000000000                          H50000000020170410                                                          000011
1            A39K3I000002                      172018388                                                    060704170000001838COMPE               3004170000000063848         K000000000000000000000000000000000000000000000000000000000000000000000000000000000000006140500000000000000000000000000                          H50000000020170410                                                          000012
1            A38RAW000002                      172024981                                                    060704170000002498COMPE               3004170000000063848         K000000000000000000000000000000000000000000000000000000000000000000000000000000000000006140000000000000000000000000000                          H50000000020170410                                                          000013
1            A38RAX000002                      172025210                                                    060704170000002521COMPE               3105170000000060795         K000000000000000000000000000000000000000000000000000000000000000000000000000000000000005850000000000000000000000000000                          H50000000020170410                                                          000014
1            A38RD9000002                      172028286                                                    060704170000002828COMPE               3004170000000071638         K000000000000000000000000000000000000000000000000000000000000000000000000000000000000006912500000000000000000000000000                          H50000000020170410                                                          000015
1            A39K4P000002                      172031368                                                    060704170000003136COMPE               3004170000000068295         K000000000000000000000000000000000000000000000000000000000000000000000000000000000000006595000000000000000000000000000                          H50000000020170410                                                          000016
1            A39K4V000002                      172032682                                                    060704170000003268COMPE               3004170000000068295         K000000000000000000000000000000000000000000000000000000000000000000000000000000000000006595000000000000000000000000000                          H50000000020170410                                                          000017
1            A39K4Y000001                      172034227                                                    060704170000003422COMPE               3004170000000048240         K000000000000000000000000000000000000000000000000000000000000000000000000000000000000004690000000000000000000000000000                          H50000000020170410                                                          000018
1            A39K5N000002                      172039830                                                    060704170000003983COMPE               3004170000000061610         K000000000000000000000000000000000000000000000000000000000000000000000000000000000000005960000000000000000000000000000                          H50000000020170410                                                          000019
1            A39K10000002                      172040715                                                    060704170000004071COMPE               3004170000000048848         K000000000000000000000000000000000000000000000000000000000000000000000000000000000000004640000000000000000000000000000                          H50000000020170410                                                          000020
1            A39JZV000002                      172041924                                                    060704170000004192COMPE               3004170000000045530         K000000000000000000000000000000000000000000000000000000000000000000000000000000000000004400000000000000000000000000000                          H50000000020170410                                                          000021
1            A39NRV000002                      172042874                                                    060704170000004287COMPE               3004170000000069954         K000000000000000000000000000000000000000000000000000000000000000000000000000000000000006995400000000000000000000000000                          H50000000020170410                                                          000022
1            A39KED000001                      172303090                                                    060704170000030309COMPE               3004170000000093214         K000000000000000000000000000000000000000000000000000000000000000000000000000000000000008980000000000000000000000000000                          H50000000020170410                                                          000023
1            A39KEN000002                      172306499                                                    060704170000030649COMPE               3004170000000081845         K000000000000000000000000000000000000000000000000000000000000000000000000000000000000007900000000000000000000000000000                          H50000000020170410                                                          000024
1            A39KEY000002                      172306995                                                    060704170000030699COMPE               3004170000000104583         K000000000000000000000000000000000000000000000000000000000000000000000000000000000000010060000000000000000000000000000                          H50000000020170410                                                          000025
1            A38RN8000002                      172309188                                                    060704170000030918COMPE               3004170000000093214         K000000000000000000000000000000000000000000000000000000000000000000000000000000000000008980000000000000000000000000000                          H50000000020170410                                                          000026
1            A38RB8000002                      172027077                                                    280704170000002707                    3004170000000063848         K000000000011500000000000000000000000000000000000000000000000000000000000000000000000000011500000000000000000000000000                          B30000000020170407                                                          000027
1            A39K0R000002                      172004956                                                    280704170000000495                    3103170000000045530         K000000000011500000000000000000000000000000000000000000000000000000000000000000000000000011500000000000000000000000000                          B30000000020170407                                                          000028
1            A38R9Z000002                      172024108                                                    280704170000002410                    3004170000000045530         K000000000011500000000000000000000000000000000000000000000000000000000000000000000000000011500000000000000000000000000                          B30000000020170407                                                          000029
1            A38RA6000002                      172017500                                                    280704170000001750                    3004170000000054689         K000000000011500000000000000000000000000000000000000000000000000000000000000000000000000011500000000000000000000000000                          B30000000020170407                                                          000030
1            A39K0X000002                      172005626                                                    280704170000000562                    3004170000000063848         K000000000011500000000000000000000000000000000000000000000000000000000000000000000000000011500000000000000000000000000                          B30000000020170407                                                          000031
1            A39K0Y000002                      172005731                                                    280704170000000573                    3004170000000063848         K000000000011500000000000000000000000000000000000000000000000000000000000000000000000000011500000000000000000000000000                          B30000000020170407                                                          000032
1            A39K20000002                      172010689                                                    280704170000001068                    3004170000000063848         K000000000011500000000000000000000000000000000000000000000000000000000000000000000000000011500000000000000000000000000                          B30000000020170407                                                          000033
1            A39K3E000002                      172017284                                                    280704170000001728                    3004170000000030265         K000000000011500000000000000000000000000000000000000000000000000000000000000000000000000011500000000000000000000000000                          B30000000020170407                                                          000034
1            A38R9N000002                      172017942                                                    280704170000001794                    3004170000000076060         K000000000011500000000000000000000000000000000000000000000000000000000000000000000000000011500000000000000000000000000                          B30000000020170407                                                          000035
1            A38R9P000002                      172018272                                                    280704170000001827                    3004170000000054689         K000000000011500000000000000000000000000000000000000000000000000000000000000000000000000011500000000000000000000000000                          B30000000020170407                                                          000036
1            A39K3I000002                      172018388                                                    280704170000001838                    3004170000000063848         K000000000011500000000000000000000000000000000000000000000000000000000000000000000000000011500000000000000000000000000                          B30000000020170407                                                          000037
1            A38RAW000002                      172024981                                                    280704170000002498                    3004170000000063848         K000000000011500000000000000000000000000000000000000000000000000000000000000000000000000011500000000000000000000000000                          B30000000020170407                                                          000038
1            A38RAX000002                      172025210                                                    280704170000002521                    3105170000000060795         K000000000011500000000000000000000000000000000000000000000000000000000000000000000000000011500000000000000000000000000                          B30000000020170407                                                          000039
1            A38RD9000002                      172028286                                                    280704170000002828                    3004170000000071638         K000000000011500000000000000000000000000000000000000000000000000000000000000000000000000011500000000000000000000000000                          B30000000020170407                                                          000040
1            A39K4P000002                      172031368                                                    280704170000003136                    3004170000000068295         K000000000011500000000000000000000000000000000000000000000000000000000000000000000000000011500000000000000000000000000                          B30000000020170407                                                          000041
1            A39K4V000002                      172032682                                                    280704170000003268                    3004170000000068295         K000000000011500000000000000000000000000000000000000000000000000000000000000000000000000011500000000000000000000000000                          B30000000020170407                                                          000042
1            A39K4Y000001                      172034227                                                    280704170000003422                    3004170000000048240         K000000000011500000000000000000000000000000000000000000000000000000000000000000000000000011500000000000000000000000000                          B30000000020170407                                                          000043
1            A39K5N000002                      172039830                                                    280704170000003983                    3004170000000061610         K000000000011500000000000000000000000000000000000000000000000000000000000000000000000000011500000000000000000000000000                          B30000000020170407                                                          000044
1            A39K10000002                      172040715                                                    280704170000004071                    3004170000000048848         K000000000011500000000000000000000000000000000000000000000000000000000000000000000000000011500000000000000000000000000                          B30000000020170407                                                          000045
1            A39JZV000002                      172041924                                                    280704170000004192                    3004170000000045530         K000000000011500000000000000000000000000000000000000000000000000000000000000000000000000011500000000000000000000000000                          B30000000020170407                                                          000046
1            A39NRV000002                      172042874                                                    280704170000004287                    3004170000000069954         K000000000011500000000000000000000000000000000000000000000000000000000000000000000000000011500000000000000000000000000                          B30000000020170407                                                          000047
1            A39KED000001                      172303090                                                    280704170000030309                    3004170000000093214         K000000000011500000000000000000000000000000000000000000000000000000000000000000000000000011500000000000000000000000000                          B30000000020170407                                                          000048
1            A39KEN000002                      172306499                                                    280704170000030649                    3004170000000081845         K000000000011500000000000000000000000000000000000000000000000000000000000000000000000000011500000000000000000000000000                          B30000000020170407                                                          000049
1            A39KEY000002                      172306995                                                    280704170000030699                    3004170000000104583         K000000000011500000000000000000000000000000000000000000000000000000000000000000000000000011500000000000000000000000000                          B30000000020170407                                                          000050
1            A38RN8000002                      172309188                                                    280704170000030918                    3004170000000093214         K000000000011500000000000000000000000000000000000000000000000000000000000000000000000000011500000000000000000000000000                          B30000000020170407                                                          000051
1            C0000000000                       172036424                                                    06070417          090312                    0000000054925                                                              00000000000000000000001675000000005325000000000000000000000000000                          00        20170410                                                          000052
1            C0000000000                       172036424                                                    28070417          090312                    0000000000115                                                              00000000000000000000001675000000005325000000000000000000000000000                          B3        20170407                                                          000053
1            C0000000000                       172315102                                                    06070417          COMPE                     0000000104583                                                              00000000000000000000000000000000010060000000000000000000000000000                          H5        20170410                                                          000054
1            C0000000000                       172315102                                                    28070417          COMPE                     0000000000115                                                              00000000000000000000000000000000010060000000000000000000000000000                          B3        20170407                                                          000055
9274826431                                                                                                                                                                                                                                                                                                                                                                                                000056
