02RETORNO01COBRANCA       2643103361110000177                               748BANSICREDI     20170307        0000115                                                                                                                                                                                                                                                                                 1.00000001
1            A39K4J000001                      172029037                                                    060603170000002903090325              2802170000000021500         K000000000000000000000000000000000000000000000000000000000000000000000000000000000000002195400000000000240000000000430                          000000000020170307                                                          000002
1            A39K4W000002                      172032887                                                    060603170000003288090316              2802170000000068295         K000000000000000000000000000000000000000000000000000000000000000000000000000000000000006839200000000000840000000000013                          000000000020170307                                                          000003
1            A39K5I000002                      172042327                                                    020603170000004232                    2802170000000071638         K000000000000000000000000000000000000000000000000000000000000000000000000000000000000000000000000000000000000000000000                          0000000000                                                                  000004
1            A39K5I000002                      172042335                                                    020603170000004233                    3103170000000071638         K000000000000000000000000000000000000000000000000000000000000000000000000000000000000000000000000000000000000000000000                          0000000000                                                                  000005
1            A39K5I000002                      172042343                                                    020603170000004234                    3004170000000071638         K000000000000000000000000000000000000000000000000000000000000000000000000000000000000000000000000000000000000000000000                          0000000000                                                                  000006
1            A39K5I000002                      172042351                                                    020603170000004235                    3105170000000071638         K000000000000000000000000000000000000000000000000000000000000000000000000000000000000000000000000000000000000000000000                          0000000000                                                                  000007
1            A39K5I000002                      172042360                                                    020603170000004236                    3006170000000071638         K000000000000000000000000000000000000000000000000000000000000000000000000000000000000000000000000000000000000000000000                          0000000000                                                                  000008
1            A39K5I000002                      172042378                                                    020603170000004237                    3107170000000071638         K000000000000000000000000000000000000000000000000000000000000000000000000000000000000000000000000000000000000000000000                          0000000000                                                                  000009
1            A39K5I000002                      172042386                                                    020603170000004238                    3108170000000071638         K000000000000000000000000000000000000000000000000000000000000000000000000000000000000000000000000000000000000000000000                          0000000000                                                                  000010
1            A39K5I000002                      172042394                                                    020603170000004239                    3009170000000071638         K000000000000000000000000000000000000000000000000000000000000000000000000000000000000000000000000000000000000000000000                          0000000000                                                                  000011
1            A39K5I000002                      172042408                                                    020603170000004240                    3110170000000071638         K000000000000000000000000000000000000000000000000000000000000000000000000000000000000000000000000000000000000000000000                          0000000000                                                                  000012
1            A39K5I000002                      172042416                                                    020603170000004241                    3011170000000050138         K000000000000000000000000000000000000000000000000000000000000000000000000000000000000000000000000000000000000000000000                          0000000000                                                                  000013
1            A39K5I000002                      172042424                                                    020603170000004242                    3112170000000050138         K000000000000000000000000000000000000000000000000000000000000000000000000000000000000000000000000000000000000000000000                          0000000000                                                                  000014
1            A00000000002                      172042432                                                    030603170000004243                    2802170000000071638         K000000000000000000000000000000000000000000000000000000000000000000000000000000000000000000000000000000000000000000000                          4800000000                                                                  000015
1            A00000000002                      172042440                                                    030603170000004244                    3103170000000071638         K000000000000000000000000000000000000000000000000000000000000000000000000000000000000000000000000000000000000000000000                          4800000000                                                                  000016
1            A00000000002                      172042459                                                    030603170000004245                    3004170000000071638         K000000000000000000000000000000000000000000000000000000000000000000000000000000000000000000000000000000000000000000000                          4800000000                                                                  000017
1            A00000000002                      172042467                                                    030603170000004246                    3105170000000071638         K000000000000000000000000000000000000000000000000000000000000000000000000000000000000000000000000000000000000000000000                          4800000000                                                                  000018
1            A00000000002                      172042475                                                    030603170000004247                    3006170000000071638         K000000000000000000000000000000000000000000000000000000000000000000000000000000000000000000000000000000000000000000000                          4800000000                                                                  000019
1            A00000000002                      172042483                                                    030603170000004248                    3107170000000071638         K000000000000000000000000000000000000000000000000000000000000000000000000000000000000000000000000000000000000000000000                          4800000000                                                                  000020
1            A00000000002                      172042491                                                    030603170000004249                    3108170000000071638         K000000000000000000000000000000000000000000000000000000000000000000000000000000000000000000000000000000000000000000000                          4800000000                                                                  000021
1            A00000000002                      172042505                                                    030603170000004250                    3009170000000071638         K000000000000000000000000000000000000000000000000000000000000000000000000000000000000000000000000000000000000000000000                          4800000000                                                                  000022
1            A00000000002                      172042513                                                    030603170000004251                    3110170000000071638         K000000000000000000000000000000000000000000000000000000000000000000000000000000000000000000000000000000000000000000000                          4800000000                                                                  000023
1            A00000000002                      172042521                                                    030603170000004252                    3011170000000050138         K000000000000000000000000000000000000000000000000000000000000000000000000000000000000000000000000000000000000000000000                          4800000000                                                                  000024
1            A00000000002                      172042530                                                    030603170000004253                    3112170000000050138         K000000000000000000000000000000000000000000000000000000000000000000000000000000000000000000000000000000000000000000000                          4800000000                                                                  000025
1            A39MII000002                      172042220                                                    020603170000004222                    3103170000000071638         K000000000000000000000000000000000000000000000000000000000000000000000000000000000000000000000000000000000000000000000                          0000000000                                                                  000026
1            A39MII000002                      172042238                                                    020603170000004223                    3004170000000071638         K000000000000000000000000000000000000000000000000000000000000000000000000000000000000000000000000000000000000000000000                          0000000000                                                                  000027
1            A39MII000002                      172042246                                                    020603170000004224                    3105170000000071638         K000000000000000000000000000000000000000000000000000000000000000000000000000000000000000000000000000000000000000000000                          0000000000                                                                  000028
1            A39MII000002                      172042254                                                    020603170000004225                    3006170000000071638         K000000000000000000000000000000000000000000000000000000000000000000000000000000000000000000000000000000000000000000000                          0000000000                                                                  000029
1            A39MII000002                      172042262                                                    020603170000004226                    3107170000000071638         K000000000000000000000000000000000000000000000000000000000000000000000000000000000000000000000000000000000000000000000                          0000000000                                                                  000030
1            A39K0K000002                      172003968                                                    060603170000000396COMPE               3103170000000060795         K000000000000000000000000000000000000000000000000000000000000000000000000000000000000005850000000000000000000000000000                          H50000000020170307                                                          000031
1            A39K0Q000002                      172004840                                                    060603170000000484COMPE               3103170000000045530         K000000000000000000000000000000000000000000000000000000000000000000000000000000000000004400000000000000000000000000000                          H50000000020170307                                                          000032
1            A39K17000002                      172006827                                                    060603170000000682COMPE               3103170000000051636         K000000000000000000000000000000000000000000000000000000000000000000000000000000000000004980000000000000000000000000000                          H50000000020170307                                                          000033
1            A39K1X000002                      172010239                                                    060603170000001023COMPE               3103170000000045530         K000000000000000000000000000000000000000000000000000000000000000000000000000000000000004400000000000000000000000000000                          H50000000020170307                                                          000034
1            A39K2O000002                      172013866                                                    060603170000001386COMPE               3103170000000060795         K000000000000000000000000000000000000000000000000000000000000000000000000000000000000005850000000000000000000000000000                          H50000000020170307                                                          000035
1            A39K32000002                      172015842                                                    060603170000001584COMPE               3103170000000066901         K000000000000000000000000000000000000000000000000000000000000000000000000000000000000006430000000000000000000000000000                          H50000000020170307                                                          000036
1            A39K3A000002                      172016830                                                    060603170000001683COMPE               3103170000000076060         K000000000000000000000000000000000000000000000000000000000000000000000000000000000000007300000000000000000000000000000                          H50000000020170307                                                          000037
1            A39K3F000002                      172017381                                                    060603170000001738COMPE               3103170000000057742         K000000000000000000000000000000000000000000000000000000000000000000000000000000000000005560000000000000000000000000000                          H50000000020170307                                                          000038
1            A38R9P000002                      172018264                                                    060603170000001826COMPE               3103170000000054689         K000000000000000000000000000000000000000000000000000000000000000000000000000000000000005270000000000000000000000000000                          H50000000020170307                                                          000039
1            A39K3J000002                      172018485                                                    060603170000001848COMPE               3103170000000060795         K000000000000000000000000000000000000000000000000000000000000000000000000000000000000005850000000000000000000000000000                          H50000000020170307                                                          000040
1            A39K3X000002                      172022229                                                    060603170000002222COMPE               3103170000000045530         K000000000000000000000000000000000000000000000000000000000000000000000000000000000000004400000000000000000000000000000                          H50000000020170307                                                          000041
1            A38RSR000002                      172025856                                                    060603170000002585COMPE               3103170000000015000         K000000000000000000000000000000000000000000000000000000000000000000000000000000000000001500000000000000000000000000000                          H50000000020170307                                                          000042
1            A39K4G000002                      172028499                                                    060603170000002849COMPE               3103170000000088350         K000000000000000000000000000000000000000000000000000000000000000000000000000000000000008500000000000000000000000000000                          H50000000020170307                                                          000043
1            A38RBL000002                      172028820                                                    060603170000002882COMPE               3103170000000061610         K000000000000000000000000000000000000000000000000000000000000000000000000000000000000005960000000000000000000000000000                          H50000000020170307                                                          000044
1            A39K5M000002                      172039717                                                    060603170000003971COMPE               3103170000000068295         K000000000000000000000000000000000000000000000000000000000000000000000000000000000000006595000000000000000000000000000                          H50000000020170307                                                          000045
1            A38RDH000001                      172311255                                                    060603170000031125COMPE               3103170000000074980         K000000000000000000000000000000000000000000000000000000000000000000000000000000000000007230000000000000000000000000000                          H50000000020170307                                                          000046
1            A39K4J000001                      172029037                                                    280603170000002903                    2802170000000021500         K000000000011500000000000000000000000000000000000000000000000000000000000000000000000000011500000000000000000000000000                          B30000000020170306                                                          000047
1            A39K4W000002                      172032887                                                    280603170000003288                    2802170000000068295         K000000000011500000000000000000000000000000000000000000000000000000000000000000000000000011500000000000000000000000000                          B30000000020170306                                                          000048
1            A39K0K000002                      172003968                                                    280603170000000396                    3103170000000060795         K000000000011500000000000000000000000000000000000000000000000000000000000000000000000000011500000000000000000000000000                          B30000000020170306                                                          000049
1            A39K0Q000002                      172004840                                                    280603170000000484                    3103170000000045530         K000000000011500000000000000000000000000000000000000000000000000000000000000000000000000011500000000000000000000000000                          B30000000020170306                                                          000050
1            A39K17000002                      172006827                                                    280603170000000682                    3103170000000051636         K000000000011500000000000000000000000000000000000000000000000000000000000000000000000000011500000000000000000000000000                          B30000000020170306                                                          000051
1            A39K1X000002                      172010239                                                    280603170000001023                    3103170000000045530         K000000000011500000000000000000000000000000000000000000000000000000000000000000000000000011500000000000000000000000000                          B30000000020170306                                                          000052
1            A39K2O000002                      172013866                                                    280603170000001386                    3103170000000060795         K000000000011500000000000000000000000000000000000000000000000000000000000000000000000000011500000000000000000000000000                          B30000000020170306                                                          000053
1            A39K32000002                      172015842                                                    280603170000001584                    3103170000000066901         K000000000011500000000000000000000000000000000000000000000000000000000000000000000000000011500000000000000000000000000                          B30000000020170306                                                          000054
1            A39K3A000002                      172016830                                                    280603170000001683                    3103170000000076060         K000000000011500000000000000000000000000000000000000000000000000000000000000000000000000011500000000000000000000000000                          B30000000020170306                                                          000055
1            A39K3F000002                      172017381                                                    280603170000001738                    3103170000000057742         K000000000011500000000000000000000000000000000000000000000000000000000000000000000000000011500000000000000000000000000                          B30000000020170306                                                          000056
1            A38R9P000002                      172018264                                                    280603170000001826                    3103170000000054689         K000000000011500000000000000000000000000000000000000000000000000000000000000000000000000011500000000000000000000000000                          B30000000020170306                                                          000057
1            A39K3J000002                      172018485                                                    280603170000001848                    3103170000000060795         K000000000011500000000000000000000000000000000000000000000000000000000000000000000000000011500000000000000000000000000                          B30000000020170306                                                          000058
1            A39K3X000002                      172022229                                                    280603170000002222                    3103170000000045530         K000000000011500000000000000000000000000000000000000000000000000000000000000000000000000011500000000000000000000000000                          B30000000020170306                                                          000059
1            A38RSR000002                      172025856                                                    280603170000002585                    3103170000000015000         K000000000011500000000000000000000000000000000000000000000000000000000000000000000000000011500000000000000000000000000                          B30000000020170306                                                          000060
1            A39K4G000002                      172028499                                                    280603170000002849                    3103170000000088350         K000000000011500000000000000000000000000000000000000000000000000000000000000000000000000011500000000000000000000000000                          B30000000020170306                                                          000061
1            A38RBL000002                      172028820                                                    280603170000002882                    3103170000000061610         K000000000011500000000000000000000000000000000000000000000000000000000000000000000000000011500000000000000000000000000                          B30000000020170306                                                          000062
1            A39K5M000002                      172039717                                                    280603170000003971                    3103170000000068295         K000000000011500000000000000000000000000000000000000000000000000000000000000000000000000011500000000000000000000000000                          B30000000020170306                                                          000063
1            A38RDH000001                      172311255                                                    280603170000031125                    3103170000000074980         K000000000011500000000000000000000000000000000000000000000000000000000000000000000000000011500000000000000000000000000                          B30000000020170306                                                          000064
9274826431                                                                                                                                                                                                                                                                                                                                                                                                000065
