02RETORNO01COBRANCA       2643103361110000177                               748BANSICREDI     20170614        0000180                                                                                                                                                                                                                                                                                 1.00000001
1            A39K1L000002                      172008722                                                    061306170000000872COMPE               3006170000000051636         K000000000000000000000000000000000000000000000000000000000000000000000000000000000000005163600000000000000000000000000                          H50000000020170614                                                          000002
1            A39K1L000002                      172008722                                                    281306170000000872                    3006170000000051636         K000000000011500000000000000000000000000000000000000000000000000000000000000000000000000011500000000000000000000000000                          B30000000020170613                                                          000003
1            C0000000000                       172007408                                                    06130617          COMPE                     0000000045530                                                              00000000000000000000000000000000004553000000000000000000000000000                          H5        20170614                                                          000004
1            C0000000000                       172007408                                                    28130617          COMPE                     0000000000115                                                              00000000000000000000000000000000004553000000000000000000000000000                          B3        20170613                                                          000005
9274826431                                                                                                                                                                                                                                                                                                                                                                                                000006
