02RETORNO01COBRANCA       2643103361110000177                               748BANSICREDI     20170502        0000151                                                                                                                                                                                                                                                                                 1.00000001
1            A39K3B000002                      172016954                                                    062804170000001695COMPE               3004170000000076060         K000000000000000000000000000000000000000000000000000000000000000000000000000000000000007606000000000000000000000000000                          H50000000020170502                                                          000002
1            A39K3E000002                      172017292                                                    062804170000001729COMPE               3105170000000030265         K000000000000000000000000000000000000000000000000000000000000000000000000000000000000002950000000000000000000000000000                          H50000000020170502                                                          000003
1            A38RSQ000002                      172025759                                                    062804170000002575COMPE               3004170000000015000         K000000000000000000000000000000000000000000000000000000000000000000000000000000000000001500000000000000000000000000000                          H50000000020170502                                                          000004
1            A38RBO000002                      172030370                                                    062804170000003037COMPE               3004170000000054925         K000000000000000000000000000000000000000000000000000000000000000000000000000000000000005492500000000000000000000000000                          H50000000020170502                                                          000005
1            A38RD2000002                      172032798                                                    062804170000003279COMPE               3004170000000054925         K000000000000000000000000000000000000000000000000000000000000000000000000000000000000005492500000000000000000000000000                          H50000000020170502                                                          000006
1            A39KDP000002                      172304682                                                    062804170000030468COMPE               3004170000000104583         K000000000000000000000000000000000000000000000000000000000000000000000000000000000000010458300000000000000000000000000                          H50000000020170502                                                          000007
1            A38RTE000002                      172310607                                                    062804170000031060COMPE               3004170000000021500         K000000000000000000000000000000000000000000000000000000000000000000000000000000000000002150000000000000000000000000000                          H50000000020170502                                                          000008
1            A39K3B000002                      172016954                                                    282804170000001695                    3004170000000076060         K000000000011500000000000000000000000000000000000000000000000000000000000000000000000000011500000000000000000000000000                          B30000000020170428                                                          000009
1            A39K3E000002                      172017292                                                    282804170000001729                    3105170000000030265         K000000000011500000000000000000000000000000000000000000000000000000000000000000000000000011500000000000000000000000000                          B30000000020170428                                                          000010
1            A38RSQ000002                      172025759                                                    282804170000002575                    3004170000000015000         K000000000011500000000000000000000000000000000000000000000000000000000000000000000000000011500000000000000000000000000                          B30000000020170428                                                          000011
1            A38RBO000002                      172030370                                                    282804170000003037                    3004170000000054925         K000000000011500000000000000000000000000000000000000000000000000000000000000000000000000011500000000000000000000000000                          B30000000020170428                                                          000012
1            A38RD2000002                      172032798                                                    282804170000003279                    3004170000000054925         K000000000011500000000000000000000000000000000000000000000000000000000000000000000000000011500000000000000000000000000                          B30000000020170428                                                          000013
1            A39KDP000002                      172304682                                                    282804170000030468                    3004170000000104583         K000000000011500000000000000000000000000000000000000000000000000000000000000000000000000011500000000000000000000000000                          B30000000020170428                                                          000014
1            A38RTE000002                      172310607                                                    282804170000031060                    3004170000000021500         K000000000011500000000000000000000000000000000000000000000000000000000000000000000000000011500000000000000000000000000                          B30000000020170428                                                          000015
1            C0000000000                       172037749                                                    06280417          COMPE                     0000000073977                                                              00000000000000000000000000000000007397700000000000000000000000000                          H5        20170502                                                          000016
1            C0000000000                       172037749                                                    28280417          COMPE                     0000000000115                                                              00000000000000000000000000000000007397700000000000000000000000000                          B3        20170428                                                          000017
9274826431                                                                                                                                                                                                                                                                                                                                                                                                000018
