02RETORNO01COBRANCA       2643103361110000177                               748BANSICREDI     20170420        0000145                                                                                                                                                                                                                                                                                 1.00000001
1            A38RA7000002                      172021249                                                    061904170000002124090312              3004170000000060795         K000000000000000000000000000000000000000000000000000000000000000000000000000000000000006079500000000000000000000000000                          000000000020170420                                                          000002
1            A38R9W000002                      172020390                                                    061904170000002039COMPE               3107170000000066901         K000000000000000000000000000000000000000000000000000000000000000000000000000000000000006430000000000000000000000000000                          H50000000020170420                                                          000003
1            A38R9R000002                      172022563                                                    061904170000002256COMPE               3004170000000045530         K000000000000000000000000000000000000000000000000000000000000000000000000000000000000004553000000000000000000000000000                          H50000000020170420                                                          000004
1            A38RA7000002                      172021249                                                    281904170000002124                    3004170000000060795         K000000000011500000000000000000000000000000000000000000000000000000000000000000000000000011500000000000000000000000000                          B30000000020170419                                                          000005
1            A38R9W000002                      172020390                                                    281904170000002039                    3107170000000066901         K000000000011500000000000000000000000000000000000000000000000000000000000000000000000000011500000000000000000000000000                          B30000000020170419                                                          000006
1            A38R9R000002                      172022563                                                    281904170000002256                    3004170000000045530         K000000000011500000000000000000000000000000000000000000000000000000000000000000000000000011500000000000000000000000000                          B30000000020170419                                                          000007
9274826431                                                                                                                                                                                                                                                                                                                                                                                                000008
