02RETORNO01COBRANCA       2643103361110000177                               748BANSICREDI     20170419        0000144                                                                                                                                                                                                                                                                                 1.00000001
1            A38RDK000002                      172030701                                                    061804170000003070COMPE               3004170000000074980         K000000000000000000000000000000000000000000000000000000000000000000000000000000000000007498000000000000000000000000000                          H50000000020170419                                                          000002
1            A39K50000001                      172034774                                                    061804170000003477COMPE               3004170000000021500         K000000000000000000000000000000000000000000000000000000000000000000000000000000000000002150000000000000000000000000000                          H50000000020170419                                                          000003
1            A38RDK000002                      172030701                                                    281804170000003070                    3004170000000074980         K000000000011500000000000000000000000000000000000000000000000000000000000000000000000000011500000000000000000000000000                          B30000000020170418                                                          000004
1            A39K50000001                      172034774                                                    281804170000003477                    3004170000000021500         K000000000011500000000000000000000000000000000000000000000000000000000000000000000000000011500000000000000000000000000                          B30000000020170418                                                          000005
1            C0000000000                       172307380                                                    06180417          090312                    0000000081845                                                              00000000000000000000000000000000008184500000000000000000000000000                          00        20170419                                                          000006
1            C0000000000                       172307380                                                    28180417          090312                    0000000000115                                                              00000000000000000000000000000000008184500000000000000000000000000                          B3        20170418                                                          000007
9274826431                                                                                                                                                                                                                                                                                                                                                                                                000008
