02RETORNO01COBRANCA       2643103361110000177                               748BANSICREDI     20170616        0000181                                                                                                                                                                                                                                                                                 1.00000001
1            A39K2I000002                      172013122                                                    061406170000001312COMPE               3006170000000063848         K000000000000000000000000000000000000000000000000000000000000000000000000000000000000006384800000000000000000000000000                          H50000000020170616                                                          000002
1            A38RA3000002                      172024787                                                    061406170000002478COMPE               3006170000000060795         K000000000000000000000000000000000000000000000000000000000000000000000000000000000000006079500000000000000000000000000                          H50000000020170616                                                          000003
1            A38RSU000001                      172026321                                                    061406170000002632COMPE               3006170000000015000         K000000000000000000000000000000000000000000000000000000000000000000000000000000000000001500000000000000000000000000000                          H50000000020170616                                                          000004
1            A39K2I000002                      172013122                                                    281406170000001312                    3006170000000063848         K000000000011500000000000000000000000000000000000000000000000000000000000000000000000000011500000000000000000000000000                          B30000000020170614                                                          000005
1            A38RA3000002                      172024787                                                    281406170000002478                    3006170000000060795         K000000000011500000000000000000000000000000000000000000000000000000000000000000000000000011500000000000000000000000000                          B30000000020170614                                                          000006
1            A38RSU000001                      172026321                                                    281406170000002632                    3006170000000015000         K000000000011500000000000000000000000000000000000000000000000000000000000000000000000000011500000000000000000000000000                          B30000000020170614                                                          000007
1            C0000000000                       172036440                                                    06140617          090312                    0000000021500                                                              00000000000000000000000000000000002150000000000000000000000000000                          00        20170616                                                          000008
1            C0000000000                       172036440                                                    28140617          090312                    0000000000115                                                              00000000000000000000000000000000002150000000000000000000000000000                          B3        20170614                                                          000009
9274826431                                                                                                                                                                                                                                                                                                                                                                                                000010
