01REMESSA01COBRANCA       2643103361110000177                               748SICREDI        20170328        0000056                                                                                                                                                                                                                                                                                 2.00000001
1AAA            AAB                            172316397      20170328 N B0000    00000000000002            0100000316393004170000000061610         KS230417000000000000000011004170000000002010000000000000000000000000001000086971131134JULIANA KELLY CORREA ARCAS MARTELLI     LEONIDAS ALEM                           00000000000 7981102000000                                                       000002
1AAA            AAB                            172316400      20170328 N B0411    00000000000002            0100000316403105170000000061610         KS240517000000000000000011005170000000002010000000000000000000000000001000086971131134JULIANA KELLY CORREA ARCAS MARTELLI     LEONIDAS ALEM                           00000000000 7981102000000                                                       000003
1AAA            AAB                            172316419      20170328 N B0511    00000000000002            0100000316413006170000000061610         KS230617000000000000000011006170000000002010000000000000000000000000001000086971131134JULIANA KELLY CORREA ARCAS MARTELLI     LEONIDAS ALEM                           00000000000 7981102000000                                                       000004
1AAA            AAB                            172316427      20170328 N B0611    00000000000002            0100000316423107170000000061610         KS240717000000000000000011007170000000002010000000000000000000000000001000086971131134JULIANA KELLY CORREA ARCAS MARTELLI     LEONIDAS ALEM                           00000000000 7981102000000                                                       000005
1AAA            AAB                            172316435      20170328 N B0711    00000000000002            0100000316433108170000000061610         KS240817000000000000000011008170000000002010000000000000000000000000001000086971131134JULIANA KELLY CORREA ARCAS MARTELLI     LEONIDAS ALEM                           00000000000 7981102000000                                                       000006
1AAA            AAB                            172316443      20170328 N B0811    00000000000002            0100000316443009170000000061610         KS230917000000000000000011009170000000002010000000000000000000000000001000086971131134JULIANA KELLY CORREA ARCAS MARTELLI     LEONIDAS ALEM                           00000000000 7981102000000                                                       000007
1AAA            AAB                            172316451      20170328 N B0911    00000000000002            0100000316453110170000000061610         KS241017000000000000000011010170000000002010000000000000000000000000001000086971131134JULIANA KELLY CORREA ARCAS MARTELLI     LEONIDAS ALEM                           00000000000 7981102000000                                                       000008
1AAA            AAB                            172316460      20170328 N B1011    00000000000002            0100000316463011170000000040110         KS231117000000000000000011011170000000002010000000000000000000000000001000086971131134JULIANA KELLY CORREA ARCAS MARTELLI     LEONIDAS ALEM                           00000000000 7981102000000                                                       000009
1AAA            AAB                            172316478      20170328 N B1111    00000000000002            0100000316473112170000000040110         KS241217000000000000000011012170000000002010000000000000000000000000001000086971131134JULIANA KELLY CORREA ARCAS MARTELLI     LEONIDAS ALEM                           00000000000 7981102000000                                                       000010
1AAA            AAB                            172315684      20170328 N B1211    00000000000002            0100000315683103170000000025000         KS240317000000000000000011003170000000000000000000000000000000000000001000002492670988HELIO VASCONCELOS FILHO                 GENERAL OSORIO                          00000000000 7982406000000                                                       000011
1AAA            AAB                            172316494      20170328 N B0310    00000000000002            0100000316493004170000000025000         KS230417000000000000000011004170000000000000000000000000000000000000001000002492670988HELIO VASCONCELOS FILHO                 GENERAL OSORIO                          00000000000 7982406000000                                                       000012
1AAA            AAB                            172316508      20170328 N B0410    00000000000002            0100000316503105170000000025000         KS240517000000000000000011005170000000000000000000000000000000000000001000002492670988HELIO VASCONCELOS FILHO                 GENERAL OSORIO                          00000000000 7982406000000                                                       000013
1AAA            AAB                            172316516      20170328 N B0510    00000000000002            0100000316513006170000000025000         KS230617000000000000000011006170000000000000000000000000000000000000001000002492670988HELIO VASCONCELOS FILHO                 GENERAL OSORIO                          00000000000 7982406000000                                                       000014
1AAA            AAB                            172316524      20170328 N B0610    00000000000002            0100000316523107170000000025000         KS240717000000000000000011007170000000000000000000000000000000000000001000002492670988HELIO VASCONCELOS FILHO                 GENERAL OSORIO                          00000000000 7982406000000                                                       000015
1AAA            AAB                            172316532      20170328 N B0710    00000000000002            0100000316533108170000000025000         KS240817000000000000000011008170000000000000000000000000000000000000001000002492670988HELIO VASCONCELOS FILHO                 GENERAL OSORIO                          00000000000 7982406000000                                                       000016
1AAA            AAB                            172316540      20170328 N B0810    00000000000002            0100000316543009170000000025000         KS230917000000000000000011009170000000000000000000000000000000000000001000002492670988HELIO VASCONCELOS FILHO                 GENERAL OSORIO                          00000000000 7982406000000                                                       000017
1AAA            AAB                            172316559      20170328 N B0910    00000000000002            0100000316553110170000000025000         KS241017000000000000000011010170000000000000000000000000000000000000001000002492670988HELIO VASCONCELOS FILHO                 GENERAL OSORIO                          00000000000 7982406000000                                                       000018
1AAA            AAB                            172316567      20170328 N B1010    00000000000002            0100000316563011170000000025000         KS231117000000000000000011011170000000000000000000000000000000000000001000002492670988HELIO VASCONCELOS FILHO                 GENERAL OSORIO                          00000000000 7982406000000                                                       000019
1AAA            AAB                            172316575      20170328 N B1110    00000000000002            0100000316573112170000000025000         KS241217000000000000000011012170000000000000000000000000000000000000001000002492670988HELIO VASCONCELOS FILHO                 GENERAL OSORIO                          00000000000 7982406000000                                                       000020
1AAA            AAB                            172315781      20170328 N B1210    00000000000002            0100000315783103170000000121637         KS240317000000000000000011003170000000004837000000000000000000000000001000007349238134NOE NOGUEIRA FILHO                      AURORA AUGUSTO DE MATOS                 00000000000 7982311500000                                                       000021
1AAA            AAB                            172316591      20170328 N B0310    00000000000002            0100000316593004170000000121637         KS230417000000000000000011004170000000004837000000000000000000000000001000007349238134NOE NOGUEIRA FILHO                      AURORA AUGUSTO DE MATOS                 00000000000 7982311500000                                                       000022
1AAA            AAB                            172316605      20170328 N B0410    00000000000002            0100000316603105170000000121637         KS240517000000000000000011005170000000004837000000000000000000000000001000007349238134NOE NOGUEIRA FILHO                      AURORA AUGUSTO DE MATOS                 00000000000 7982311500000                                                       000023
1AAA            AAB                            172316613      20170328 N B0510    00000000000002            0100000316613006170000000121637         KS230617000000000000000011006170000000004837000000000000000000000000001000007349238134NOE NOGUEIRA FILHO                      AURORA AUGUSTO DE MATOS                 00000000000 7982311500000                                                       000024
1AAA            AAB                            172316621      20170328 N B0610    00000000000002            0100000316623107170000000121637         KS240717000000000000000011007170000000004837000000000000000000000000001000007349238134NOE NOGUEIRA FILHO                      AURORA AUGUSTO DE MATOS                 00000000000 7982311500000                                                       000025
1AAA            AAB                            172316630      20170328 N B0710    00000000000002            0100000316633108170000000121637         KS240817000000000000000011008170000000004837000000000000000000000000001000007349238134NOE NOGUEIRA FILHO                      AURORA AUGUSTO DE MATOS                 00000000000 7982311500000                                                       000026
1AAA            AAB                            172316648      20170328 N B0810    00000000000002            0100000316643009170000000121637         KS230917000000000000000011009170000000004837000000000000000000000000001000007349238134NOE NOGUEIRA FILHO                      AURORA AUGUSTO DE MATOS                 00000000000 7982311500000                                                       000027
1AAA            AAB                            172316656      20170328 N B0910    00000000000002            0100000316653110170000000121637         KS241017000000000000000011010170000000004837000000000000000000000000001000007349238134NOE NOGUEIRA FILHO                      AURORA AUGUSTO DE MATOS                 00000000000 7982311500000                                                       000028
1AAA            AAB                            172316664      20170328 N B1010    00000000000002            0100000316663011170000000121637         KS231117000000000000000011011170000000004837000000000000000000000000001000007349238134NOE NOGUEIRA FILHO                      AURORA AUGUSTO DE MATOS                 00000000000 7982311500000                                                       000029
1AAA            AAB                            172316672      20170328 N B1110    00000000000002            0100000316673112170000000121637         KS241217000000000000000011012170000000004837000000000000000000000000001000007349238134NOE NOGUEIRA FILHO                      AURORA AUGUSTO DE MATOS                 00000000000 7982311500000                                                       000030
1AAA            AAB                            172316281      20170328 N B1210    00000000000002            0100000316283004170000000093214         KS230417000000000000000011004170000000003414000000000000000000000000001000051219743968CRISTIANE MUNHOZ FAGUNDES               IRAN PEREIRA DE MATOS                   00000000000 7983024000000                                                       000031
1AAA            AAB                            172316290      20170328 N B0409    00000000000002            0100000316293105170000000093214         KS240517000000000000000011005170000000003414000000000000000000000000001000051219743968CRISTIANE MUNHOZ FAGUNDES               IRAN PEREIRA DE MATOS                   00000000000 7983024000000                                                       000032
1AAA            AAB                            172316303      20170328 N B0509    00000000000002            0100000316303006170000000093214         KS230617000000000000000011006170000000003414000000000000000000000000001000051219743968CRISTIANE MUNHOZ FAGUNDES               IRAN PEREIRA DE MATOS                   00000000000 7983024000000                                                       000033
1AAA            AAB                            172316311      20170328 N B0609    00000000000002            0100000316313107170000000068214         KS240717000000000000000011007170000000003414000000000000000000000000001000051219743968CRISTIANE MUNHOZ FAGUNDES               IRAN PEREIRA DE MATOS                   00000000000 7983024000000                                                       000034
1AAA            AAB                            172316320      20170328 N B0709    00000000000002            0100000316323108170000000068214         KS240817000000000000000011008170000000003414000000000000000000000000001000051219743968CRISTIANE MUNHOZ FAGUNDES               IRAN PEREIRA DE MATOS                   00000000000 7983024000000                                                       000035
1AAA            AAB                            172316338      20170328 N B0809    00000000000002            0100000316333009170000000068214         KS230917000000000000000011009170000000003414000000000000000000000000001000051219743968CRISTIANE MUNHOZ FAGUNDES               IRAN PEREIRA DE MATOS                   00000000000 7983024000000                                                       000036
1AAA            AAB                            172316346      20170328 N B0909    00000000000002            0100000316343110170000000068214         KS241017000000000000000011010170000000003414000000000000000000000000001000051219743968CRISTIANE MUNHOZ FAGUNDES               IRAN PEREIRA DE MATOS                   00000000000 7983024000000                                                       000037
1AAA            AAB                            172316354      20170328 N B1009    00000000000002            0100000316353011170000000068214         KS231117000000000000000011011170000000003414000000000000000000000000001000051219743968CRISTIANE MUNHOZ FAGUNDES               IRAN PEREIRA DE MATOS                   00000000000 7983024000000                                                       000038
1AAA            AAB                            172316362      20170328 N B1109    00000000000002            0100000316363112170000000068214         KS241217000000000000000011012170000000003414000000000000000000000000001000051219743968CRISTIANE MUNHOZ FAGUNDES               IRAN PEREIRA DE MATOS                   00000000000 7983024000000                                                       000039
9174826431                                                                                                                                                                                                                                                                                                                                                                                                000040
