01REMESSA01COBRANCA       2643103361110000177                               748SICREDI        20170213        0000036                                                                                                                                                                                                                                                                                 2.00000001
1AAA            AAB                            172300784      20170213 N B0000    00000000000002            0200000300782802170000000021500         KS210217000000000000000012002170000000000000000000000000000000000000001000046530495134ROSANGELA MARQUES DA SILVA ONO          CUIABA                                  00000000000 7980203100000                                                       000002
1AAA            AAB                            172300792      20170213 N B0211    00000000000002            0200000300793103170000000021500         KS240317000000000000000011003170000000000000000000000000000000000000001000046530495134ROSANGELA MARQUES DA SILVA ONO          CUIABA                                  00000000000 7980203100000                                                       000003
1AAA            AAB                            172300806      20170213 N B0311    00000000000002            0200000300803004170000000021500         KS230417000000000000000011004170000000000000000000000000000000000000001000046530495134ROSANGELA MARQUES DA SILVA ONO          CUIABA                                  00000000000 7980203100000                                                       000004
1AAA            AAB                            172300814      20170213 N B0411    00000000000002            0200000300813105170000000021500         KS240517000000000000000011005170000000000000000000000000000000000000001000046530495134ROSANGELA MARQUES DA SILVA ONO          CUIABA                                  00000000000 7980203100000                                                       000005
1AAA            AAB                            172300822      20170213 N B0511    00000000000002            0200000300823006170000000021500         KS230617000000000000000011006170000000000000000000000000000000000000001000046530495134ROSANGELA MARQUES DA SILVA ONO          CUIABA                                  00000000000 7980203100000                                                       000006
1AAA            AAB                            172300830      20170213 N B0611    00000000000002            0200000300833107170000000021500         KS240717000000000000000011007170000000000000000000000000000000000000001000046530495134ROSANGELA MARQUES DA SILVA ONO          CUIABA                                  00000000000 7980203100000                                                       000007
1AAA            AAB                            172300849      20170213 N B0711    00000000000002            0200000300843108170000000021500         KS240817000000000000000011008170000000000000000000000000000000000000001000046530495134ROSANGELA MARQUES DA SILVA ONO          CUIABA                                  00000000000 7980203100000                                                       000008
1AAA            AAB                            172300857      20170213 N B0811    00000000000002            0200000300853009170000000021500         KS230917000000000000000011009170000000000000000000000000000000000000001000046530495134ROSANGELA MARQUES DA SILVA ONO          CUIABA                                  00000000000 7980203100000                                                       000009
1AAA            AAB                            172300865      20170213 N B0911    00000000000002            0200000300863110170000000021500         KS241017000000000000000011010170000000000000000000000000000000000000001000046530495134ROSANGELA MARQUES DA SILVA ONO          CUIABA                                  00000000000 7980203100000                                                       000010
1AAA            AAB                            172300873      20170213 N B1011    00000000000002            0200000300873011170000000000000         KS231117000000000000000011011170000000000000000000000000000000000000001000046530495134ROSANGELA MARQUES DA SILVA ONO          CUIABA                                  00000000000 7980203100000                                                       000011
1AAA            AAB                            172300881      20170213 N B1111    00000000000002            0200000300883112170000000000000         KS241217000000000000000011012170000000000000000000000000000000000000001000046530495134ROSANGELA MARQUES DA SILVA ONO          CUIABA                                  00000000000 7980203100000                                                       000012
1AAA            AAB                            172302019      20170213 N B1211    00000000000002            0200000302012802170000000049922         KS210217000000000000000012002170000000001422000000000000000000000000001000058289615191DONIZETE TEIXEIRA SANTOS                FREI ANTONIO                            00000000000 7984061000000                                                       000013
1AAA            AAB                            172302027      20170213 N B0211    00000000000002            0200000302023103170000000049922         KS240317000000000000000011003170000000001422000000000000000000000000001000058289615191DONIZETE TEIXEIRA SANTOS                FREI ANTONIO                            00000000000 7984061000000                                                       000014
1AAA            AAB                            172302035      20170213 N B0311    00000000000002            0200000302033004170000000049922         KS230417000000000000000011004170000000001422000000000000000000000000001000058289615191DONIZETE TEIXEIRA SANTOS                FREI ANTONIO                            00000000000 7984061000000                                                       000015
1AAA            AAB                            172302043      20170213 N B0411    00000000000002            0200000302043105170000000049922         KS240517000000000000000011005170000000001422000000000000000000000000001000058289615191DONIZETE TEIXEIRA SANTOS                FREI ANTONIO                            00000000000 7984061000000                                                       000016
1AAA            AAB                            172302051      20170213 N B0511    00000000000002            0200000302053006170000000049922         KS230617000000000000000011006170000000001422000000000000000000000000001000058289615191DONIZETE TEIXEIRA SANTOS                FREI ANTONIO                            00000000000 7984061000000                                                       000017
1AAA            AAB                            172302060      20170213 N B0611    00000000000002            0200000302063107170000000049922         KS240717000000000000000011007170000000001422000000000000000000000000001000058289615191DONIZETE TEIXEIRA SANTOS                FREI ANTONIO                            00000000000 7984061000000                                                       000018
1AAA            AAB                            172302078      20170213 N B0711    00000000000002            0200000302073108170000000049922         KS240817000000000000000011008170000000001422000000000000000000000000001000058289615191DONIZETE TEIXEIRA SANTOS                FREI ANTONIO                            00000000000 7984061000000                                                       000019
1AAA            AAB                            172302086      20170213 N B0811    00000000000002            0200000302083009170000000049922         KS230917000000000000000011009170000000001422000000000000000000000000001000058289615191DONIZETE TEIXEIRA SANTOS                FREI ANTONIO                            00000000000 7984061000000                                                       000020
1AAA            AAB                            172302094      20170213 N B0911    00000000000002            0200000302093110170000000049922         KS241017000000000000000011010170000000001422000000000000000000000000001000058289615191DONIZETE TEIXEIRA SANTOS                FREI ANTONIO                            00000000000 7984061000000                                                       000021
1AAA            AAB                            172302108      20170213 N B1011    00000000000002            0200000302103011170000000028422         KS231117000000000000000011011170000000001422000000000000000000000000001000058289615191DONIZETE TEIXEIRA SANTOS                FREI ANTONIO                            00000000000 7984061000000                                                       000022
1AAA            AAB                            172302116      20170213 N B1111    00000000000002            0200000302113112170000000028422         KS241217000000000000000011012170000000001422000000000000000000000000001000058289615191DONIZETE TEIXEIRA SANTOS                FREI ANTONIO                            00000000000 7984061000000                                                       000023
1AAA            AAB                            172301560      20170213 N B1211    00000000000002            0200000301562802170000000097292         KS210217000000000000000012002170000000003792000000000000000000000000001000061383112134SIDNEY JOSE ROSA                        REINALDO BIANCHI                        00000000000 7982338100000                                                       000024
1AAA            AAB                            172301578      20170213 N B0211    00000000000002            0200000301573103170000000097292         KS240317000000000000000011003170000000003792000000000000000000000000001000061383112134SIDNEY JOSE ROSA                        REINALDO BIANCHI                        00000000000 7982338100000                                                       000025
1AAA            AAB                            172301586      20170213 N B0311    00000000000002            0200000301583004170000000097292         KS230417000000000000000011004170000000003792000000000000000000000000001000061383112134SIDNEY JOSE ROSA                        REINALDO BIANCHI                        00000000000 7982338100000                                                       000026
1AAA            AAB                            172301594      20170213 N B0411    00000000000002            0200000301593105170000000097292         KS240517000000000000000011005170000000003792000000000000000000000000001000061383112134SIDNEY JOSE ROSA                        REINALDO BIANCHI                        00000000000 7982338100000                                                       000027
1AAA            AAB                            172301608      20170213 N B0511    00000000000002            0200000301603006170000000097292         KS230617000000000000000011006170000000003792000000000000000000000000001000061383112134SIDNEY JOSE ROSA                        REINALDO BIANCHI                        00000000000 7982338100000                                                       000028
1AAA            AAB                            172301616      20170213 N B0611    00000000000002            0200000301613107170000000097292         KS240717000000000000000011007170000000003792000000000000000000000000001000061383112134SIDNEY JOSE ROSA                        REINALDO BIANCHI                        00000000000 7982338100000                                                       000029
1AAA            AAB                            172301624      20170213 N B0711    00000000000002            0200000301623108170000000097292         KS240817000000000000000011008170000000003792000000000000000000000000001000061383112134SIDNEY JOSE ROSA                        REINALDO BIANCHI                        00000000000 7982338100000                                                       000030
1AAA            AAB                            172301632      20170213 N B0811    00000000000002            0200000301633009170000000097292         KS230917000000000000000011009170000000003792000000000000000000000000001000061383112134SIDNEY JOSE ROSA                        REINALDO BIANCHI                        00000000000 7982338100000                                                       000031
1AAA            AAB                            172301640      20170213 N B0911    00000000000002            0200000301643110170000000097292         KS241017000000000000000011010170000000003792000000000000000000000000001000061383112134SIDNEY JOSE ROSA                        REINALDO BIANCHI                        00000000000 7982338100000                                                       000032
1AAA            AAB                            172301659      20170213 N B1011    00000000000002            0200000301653011170000000075792         KS231117000000000000000011011170000000003792000000000000000000000000001000061383112134SIDNEY JOSE ROSA                        REINALDO BIANCHI                        00000000000 7982338100000                                                       000033
1AAA            AAB                            172301667      20170213 N B1111    00000000000002            0200000301663112170000000075792         KS241217000000000000000011012170000000003792000000000000000000000000001000061383112134SIDNEY JOSE ROSA                        REINALDO BIANCHI                        00000000000 7982338100000                                                       000034
1AAA            AAB                            172301110      20170213 N B1211    00000000000002            0200000301112802170000000068870         KS210217000000000000000012002170000000002370000000000000000000000000001000008547201890JOSE VICENTE TARDIVO                    SAO PAULO                               00000000000 7983353000000                                                       000035
1AAA            AAB                            172301128      20170213 N B0211    00000000000002            0200000301123103170000000068870         KS240317000000000000000011003170000000002370000000000000000000000000001000008547201890JOSE VICENTE TARDIVO                    SAO PAULO                               00000000000 7983353000000                                                       000036
1AAA            AAB                            172301136      20170213 N B0311    00000000000002            0200000301133004170000000068870         KS230417000000000000000011004170000000002370000000000000000000000000001000008547201890JOSE VICENTE TARDIVO                    SAO PAULO                               00000000000 7983353000000                                                       000037
1AAA            AAB                            172301144      20170213 N B0411    00000000000002            0200000301143105170000000068870         KS240517000000000000000011005170000000002370000000000000000000000000001000008547201890JOSE VICENTE TARDIVO                    SAO PAULO                               00000000000 7983353000000                                                       000038
1AAA            AAB                            172301152      20170213 N B0511    00000000000002            0200000301153006170000000068870         KS230617000000000000000011006170000000002370000000000000000000000000001000008547201890JOSE VICENTE TARDIVO                    SAO PAULO                               00000000000 7983353000000                                                       000039
1AAA            AAB                            172301160      20170213 N B0611    00000000000002            0200000301163107170000000068870         KS240717000000000000000011007170000000002370000000000000000000000000001000008547201890JOSE VICENTE TARDIVO                    SAO PAULO                               00000000000 7983353000000                                                       000040
1AAA            AAB                            172301179      20170213 N B0711    00000000000002            0200000301173108170000000068870         KS240817000000000000000011008170000000002370000000000000000000000000001000008547201890JOSE VICENTE TARDIVO                    SAO PAULO                               00000000000 7983353000000                                                       000041
1AAA            AAB                            172301187      20170213 N B0811    00000000000002            0200000301183009170000000068870         KS230917000000000000000011009170000000002370000000000000000000000000001000008547201890JOSE VICENTE TARDIVO                    SAO PAULO                               00000000000 7983353000000                                                       000042
1AAA            AAB                            172301195      20170213 N B0911    00000000000002            0200000301193110170000000068870         KS241017000000000000000011010170000000002370000000000000000000000000001000008547201890JOSE VICENTE TARDIVO                    SAO PAULO                               00000000000 7983353000000                                                       000043
1AAA            AAB                            172301209      20170213 N B1011    00000000000002            0200000301203011170000000047370         KS231117000000000000000011011170000000002370000000000000000000000000001000008547201890JOSE VICENTE TARDIVO                    SAO PAULO                               00000000000 7983353000000                                                       000044
1AAA            AAB                            172301217      20170213 N B1111    00000000000002            0200000301213112170000000047370         KS241217000000000000000011012170000000002370000000000000000000000000001000008547201890JOSE VICENTE TARDIVO                    SAO PAULO                               00000000000 7983353000000                                                       000045
1AAA            AAB                            172301004      20170213 N B1211    00000000000002            0200000301002802170000000097292         KS210217000000000000000012002170000000003792000000000000000000000000001000040494667168MONICA YUMI AKUTSU OKADA                OLIVEIRA MARQUES                        00000000000 7983004000000                                                       000046
1AAA            AAB                            172301012      20170213 N B0211    00000000000002            0200000301013103170000000097292         KS240317000000000000000011003170000000003792000000000000000000000000001000040494667168MONICA YUMI AKUTSU OKADA                OLIVEIRA MARQUES                        00000000000 7983004000000                                                       000047
1AAA            AAB                            172301020      20170213 N B0311    00000000000002            0200000301023004170000000097292         KS230417000000000000000011004170000000003792000000000000000000000000001000040494667168MONICA YUMI AKUTSU OKADA                OLIVEIRA MARQUES                        00000000000 7983004000000                                                       000048
1AAA            AAB                            172301039      20170213 N B0411    00000000000002            0200000301033105170000000097292         KS240517000000000000000011005170000000003792000000000000000000000000001000040494667168MONICA YUMI AKUTSU OKADA                OLIVEIRA MARQUES                        00000000000 7983004000000                                                       000049
1AAA            AAB                            172301047      20170213 N B0511    00000000000002            0200000301043006170000000097292         KS230617000000000000000011006170000000003792000000000000000000000000001000040494667168MONICA YUMI AKUTSU OKADA                OLIVEIRA MARQUES                        00000000000 7983004000000                                                       000050
1AAA            AAB                            172301055      20170213 N B0611    00000000000002            0200000301053107170000000097292         KS240717000000000000000011007170000000003792000000000000000000000000001000040494667168MONICA YUMI AKUTSU OKADA                OLIVEIRA MARQUES                        00000000000 7983004000000                                                       000051
1AAA            AAB                            172301063      20170213 N B0711    00000000000002            0200000301063108170000000097292         KS240817000000000000000011008170000000003792000000000000000000000000001000040494667168MONICA YUMI AKUTSU OKADA                OLIVEIRA MARQUES                        00000000000 7983004000000                                                       000052
1AAA            AAB                            172301071      20170213 N B0811    00000000000002            0200000301073009170000000097292         KS230917000000000000000011009170000000003792000000000000000000000000001000040494667168MONICA YUMI AKUTSU OKADA                OLIVEIRA MARQUES                        00000000000 7983004000000                                                       000053
1AAA            AAB                            172301080      20170213 N B0911    00000000000002            0200000301083110170000000097292         KS241017000000000000000011010170000000003792000000000000000000000000001000040494667168MONICA YUMI AKUTSU OKADA                OLIVEIRA MARQUES                        00000000000 7983004000000                                                       000054
1AAA            AAB                            172301098      20170213 N B1011    00000000000002            0200000301093011170000000075792         KS231117000000000000000011011170000000003792000000000000000000000000001000040494667168MONICA YUMI AKUTSU OKADA                OLIVEIRA MARQUES                        00000000000 7983004000000                                                       000055
1AAA            AAB                            172301101      20170213 N B1111    00000000000002            0200000301103112170000000075792         KS241217000000000000000011012170000000003792000000000000000000000000001000040494667168MONICA YUMI AKUTSU OKADA                OLIVEIRA MARQUES                        00000000000 7983004000000                                                       000056
1AAA            AAB                            172301675      20170213 N B1211    00000000000002            0200000301672802170000000097292         KS210217000000000000000012002170000000003792000000000000000000000000001000001813887900SIMONE SAYURI SATO OKU YAMANAKA         PEDRO CELESTINO                         00000000000 7982404000000                                                       000057
1AAA            AAB                            172301683      20170213 N B0211    00000000000002            0200000301683103170000000097292         KS240317000000000000000011003170000000003792000000000000000000000000001000001813887900SIMONE SAYURI SATO OKU YAMANAKA         PEDRO CELESTINO                         00000000000 7982404000000                                                       000058
1AAA            AAB                            172301691      20170213 N B0311    00000000000002            0200000301693004170000000097292         KS230417000000000000000011004170000000003792000000000000000000000000001000001813887900SIMONE SAYURI SATO OKU YAMANAKA         PEDRO CELESTINO                         00000000000 7982404000000                                                       000059
1AAA            AAB                            172301705      20170213 N B0411    00000000000002            0200000301703105170000000097292         KS240517000000000000000011005170000000003792000000000000000000000000001000001813887900SIMONE SAYURI SATO OKU YAMANAKA         PEDRO CELESTINO                         00000000000 7982404000000                                                       000060
1AAA            AAB                            172301713      20170213 N B0511    00000000000002            0200000301713006170000000097292         KS230617000000000000000011006170000000003792000000000000000000000000001000001813887900SIMONE SAYURI SATO OKU YAMANAKA         PEDRO CELESTINO                         00000000000 7982404000000                                                       000061
1AAA            AAB                            172301721      20170213 N B0611    00000000000002            0200000301723107170000000097292         KS240717000000000000000011007170000000003792000000000000000000000000001000001813887900SIMONE SAYURI SATO OKU YAMANAKA         PEDRO CELESTINO                         00000000000 7982404000000                                                       000062
1AAA            AAB                            172301730      20170213 N B0711    00000000000002            0200000301733108170000000097292         KS240817000000000000000011008170000000003792000000000000000000000000001000001813887900SIMONE SAYURI SATO OKU YAMANAKA         PEDRO CELESTINO                         00000000000 7982404000000                                                       000063
1AAA            AAB                            172301748      20170213 N B0811    00000000000002            0200000301743009170000000097292         KS230917000000000000000011009170000000003792000000000000000000000000001000001813887900SIMONE SAYURI SATO OKU YAMANAKA         PEDRO CELESTINO                         00000000000 7982404000000                                                       000064
1AAA            AAB                            172301756      20170213 N B0911    00000000000002            0200000301753110170000000097292         KS241017000000000000000011010170000000003792000000000000000000000000001000001813887900SIMONE SAYURI SATO OKU YAMANAKA         PEDRO CELESTINO                         00000000000 7982404000000                                                       000065
1AAA            AAB                            172301764      20170213 N B1011    00000000000002            0200000301763011170000000075792         KS231117000000000000000011011170000000003792000000000000000000000000001000001813887900SIMONE SAYURI SATO OKU YAMANAKA         PEDRO CELESTINO                         00000000000 7982404000000                                                       000066
1AAA            AAB                            172301772      20170213 N B1111    00000000000002            0200000301773112170000000075792         KS241217000000000000000011012170000000003792000000000000000000000000001000001813887900SIMONE SAYURI SATO OKU YAMANAKA         PEDRO CELESTINO                         00000000000 7982404000000                                                       000067
1AAA            AAB                            172302353      20170213 N B1211    00000000000002            0200000302352802170000000078344         KS210217000000000000000012002170000000002844000000000000000000000000001000086971131134JULIANA KELLY CORREA ARCAS MARTELLI     LEONIDAS ALEM                           00000000000 7981102000000                                                       000068
1AAA            AAB                            172302361      20170213 N B0211    00000000000002            0200000302363103170000000078344         KS240317000000000000000011003170000000002844000000000000000000000000001000086971131134JULIANA KELLY CORREA ARCAS MARTELLI     LEONIDAS ALEM                           00000000000 7981102000000                                                       000069
1AAA            AAB                            172302370      20170213 N B0311    00000000000002            0200000302373004170000000078344         KS230417000000000000000011004170000000002844000000000000000000000000001000086971131134JULIANA KELLY CORREA ARCAS MARTELLI     LEONIDAS ALEM                           00000000000 7981102000000                                                       000070
1AAA            AAB                            172302388      20170213 N B0411    00000000000002            0200000302383105170000000078344         KS240517000000000000000011005170000000002844000000000000000000000000001000086971131134JULIANA KELLY CORREA ARCAS MARTELLI     LEONIDAS ALEM                           00000000000 7981102000000                                                       000071
1AAA            AAB                            172302396      20170213 N B0511    00000000000002            0200000302393006170000000078344         KS230617000000000000000011006170000000002844000000000000000000000000001000086971131134JULIANA KELLY CORREA ARCAS MARTELLI     LEONIDAS ALEM                           00000000000 7981102000000                                                       000072
1AAA            AAB                            172302400      20170213 N B0611    00000000000002            0200000302403107170000000078344         KS240717000000000000000011007170000000002844000000000000000000000000001000086971131134JULIANA KELLY CORREA ARCAS MARTELLI     LEONIDAS ALEM                           00000000000 7981102000000                                                       000073
1AAA            AAB                            172302418      20170213 N B0711    00000000000002            0200000302413108170000000078344         KS240817000000000000000011008170000000002844000000000000000000000000001000086971131134JULIANA KELLY CORREA ARCAS MARTELLI     LEONIDAS ALEM                           00000000000 7981102000000                                                       000074
1AAA            AAB                            172302426      20170213 N B0811    00000000000002            0200000302423009170000000078344         KS230917000000000000000011009170000000002844000000000000000000000000001000086971131134JULIANA KELLY CORREA ARCAS MARTELLI     LEONIDAS ALEM                           00000000000 7981102000000                                                       000075
1AAA            AAB                            172302434      20170213 N B0911    00000000000002            0200000302433110170000000078344         KS241017000000000000000011010170000000002844000000000000000000000000001000086971131134JULIANA KELLY CORREA ARCAS MARTELLI     LEONIDAS ALEM                           00000000000 7981102000000                                                       000076
1AAA            AAB                            172302442      20170213 N B1011    00000000000002            0200000302443011170000000056844         KS231117000000000000000011011170000000002844000000000000000000000000001000086971131134JULIANA KELLY CORREA ARCAS MARTELLI     LEONIDAS ALEM                           00000000000 7981102000000                                                       000077
1AAA            AAB                            172302450      20170213 N B1111    00000000000002            0200000302453112170000000056844         KS241217000000000000000011012170000000002844000000000000000000000000001000086971131134JULIANA KELLY CORREA ARCAS MARTELLI     LEONIDAS ALEM                           00000000000 7981102000000                                                       000078
1AAA            AAB                            172300563      20170213 N B1211    00000000000002            0200000300562802170000000087818         KS210217000000000000000012002170000000003318000000000000000000000000001000096275855649IRANETE VIEIRA DOS SANTOS               RANULFO SALDIVAR                        00000000000 7982342000000                                                       000079
1AAA            AAB                            172300571      20170213 N B0211    00000000000002            0200000300573103170000000087818         KS240317000000000000000011003170000000003318000000000000000000000000001000096275855649IRANETE VIEIRA DOS SANTOS               RANULFO SALDIVAR                        00000000000 7982342000000                                                       000080
1AAA            AAB                            172300580      20170213 N B0311    00000000000002            0200000300583004170000000087818         KS230417000000000000000011004170000000003318000000000000000000000000001000096275855649IRANETE VIEIRA DOS SANTOS               RANULFO SALDIVAR                        00000000000 7982342000000                                                       000081
1AAA            AAB                            172300598      20170213 N B0411    00000000000002            0200000300593105170000000087818         KS240517000000000000000011005170000000003318000000000000000000000000001000096275855649IRANETE VIEIRA DOS SANTOS               RANULFO SALDIVAR                        00000000000 7982342000000                                                       000082
1AAA            AAB                            172300601      20170213 N B0511    00000000000002            0200000300603006170000000087818         KS230617000000000000000011006170000000003318000000000000000000000000001000096275855649IRANETE VIEIRA DOS SANTOS               RANULFO SALDIVAR                        00000000000 7982342000000                                                       000083
1AAA            AAB                            172300610      20170213 N B0611    00000000000002            0200000300613107170000000087818         KS240717000000000000000011007170000000003318000000000000000000000000001000096275855649IRANETE VIEIRA DOS SANTOS               RANULFO SALDIVAR                        00000000000 7982342000000                                                       000084
1AAA            AAB                            172300628      20170213 N B0711    00000000000002            0200000300623108170000000087818         KS240817000000000000000011008170000000003318000000000000000000000000001000096275855649IRANETE VIEIRA DOS SANTOS               RANULFO SALDIVAR                        00000000000 7982342000000                                                       000085
1AAA            AAB                            172300636      20170213 N B0811    00000000000002            0200000300633009170000000087818         KS230917000000000000000011009170000000003318000000000000000000000000001000096275855649IRANETE VIEIRA DOS SANTOS               RANULFO SALDIVAR                        00000000000 7982342000000                                                       000086
1AAA            AAB                            172300644      20170213 N B0911    00000000000002            0200000300643110170000000087818         KS241017000000000000000011010170000000003318000000000000000000000000001000096275855649IRANETE VIEIRA DOS SANTOS               RANULFO SALDIVAR                        00000000000 7982342000000                                                       000087
1AAA            AAB                            172300652      20170213 N B1011    00000000000002            0200000300653011170000000066318         KS231117000000000000000011011170000000003318000000000000000000000000001000096275855649IRANETE VIEIRA DOS SANTOS               RANULFO SALDIVAR                        00000000000 7982342000000                                                       000088
1AAA            AAB                            172300660      20170213 N B1111    00000000000002            0200000300663112170000000066318         KS241217000000000000000011012170000000003318000000000000000000000000001000096275855649IRANETE VIEIRA DOS SANTOS               RANULFO SALDIVAR                        00000000000 7982342000000                                                       000089
1AAA            AAB                            172300342      20170213 N B1211    00000000000002            0200000300342802170000000021500         KS210217000000000000000012002170000000000000000000000000000000000000001000051153343134MELQUISEDEQUE HIGINO                    ONOFRE PEREIRA DE MATOS                 00000000000 7980201100000                                                       000090
1AAA            AAB                            172300350      20170213 N B0211    00000000000002            0200000300353103170000000021500         KS240317000000000000000011003170000000000000000000000000000000000000001000051153343134MELQUISEDEQUE HIGINO                    ONOFRE PEREIRA DE MATOS                 00000000000 7980201100000                                                       000091
1AAA            AAB                            172300369      20170213 N B0311    00000000000002            0200000300363004170000000021500         KS230417000000000000000011004170000000000000000000000000000000000000001000051153343134MELQUISEDEQUE HIGINO                    ONOFRE PEREIRA DE MATOS                 00000000000 7980201100000                                                       000092
1AAA            AAB                            172300377      20170213 N B0411    00000000000002            0200000300373105170000000021500         KS240517000000000000000011005170000000000000000000000000000000000000001000051153343134MELQUISEDEQUE HIGINO                    ONOFRE PEREIRA DE MATOS                 00000000000 7980201100000                                                       000093
1AAA            AAB                            172300385      20170213 N B0511    00000000000002            0200000300383006170000000021500         KS230617000000000000000011006170000000000000000000000000000000000000001000051153343134MELQUISEDEQUE HIGINO                    ONOFRE PEREIRA DE MATOS                 00000000000 7980201100000                                                       000094
1AAA            AAB                            172300393      20170213 N B0611    00000000000002            0200000300393107170000000021500         KS240717000000000000000011007170000000000000000000000000000000000000001000051153343134MELQUISEDEQUE HIGINO                    ONOFRE PEREIRA DE MATOS                 00000000000 7980201100000                                                       000095
1AAA            AAB                            172300407      20170213 N B0711    00000000000002            0200000300403108170000000021500         KS240817000000000000000011008170000000000000000000000000000000000000001000051153343134MELQUISEDEQUE HIGINO                    ONOFRE PEREIRA DE MATOS                 00000000000 7980201100000                                                       000096
1AAA            AAB                            172300415      20170213 N B0811    00000000000002            0200000300413009170000000021500         KS230917000000000000000011009170000000000000000000000000000000000000001000051153343134MELQUISEDEQUE HIGINO                    ONOFRE PEREIRA DE MATOS                 00000000000 7980201100000                                                       000097
1AAA            AAB                            172300423      20170213 N B0911    00000000000002            0200000300423110170000000021500         KS241017000000000000000011010170000000000000000000000000000000000000001000051153343134MELQUISEDEQUE HIGINO                    ONOFRE PEREIRA DE MATOS                 00000000000 7980201100000                                                       000098
1AAA            AAB                            172300431      20170213 N B1011    00000000000002            0200000300433011170000000000000         KS231117000000000000000011011170000000000000000000000000000000000000001000051153343134MELQUISEDEQUE HIGINO                    ONOFRE PEREIRA DE MATOS                 00000000000 7980201100000                                                       000099
1AAA            AAB                            172300440      20170213 N B1111    00000000000002            0200000300443112170000000000000         KS241217000000000000000011012170000000000000000000000000000000000000001000051153343134MELQUISEDEQUE HIGINO                    ONOFRE PEREIRA DE MATOS                 00000000000 7980201100000                                                       000100
1AAA            AAB                            172302124      20170213 N B1211    00000000000002            0200000302122802170000000021500         KS210217000000000000000012002170000000000000000000000000000000000000001000044818904104NOEMI APARECIDA DE SOUZA JARA           BARNABE MINHOS                          00000000000 7982248500000                                                       000101
1AAA            AAB                            172302132      20170213 N B0211    00000000000002            0200000302133103170000000021500         KS240317000000000000000011003170000000000000000000000000000000000000001000044818904104NOEMI APARECIDA DE SOUZA JARA           BARNABE MINHOS                          00000000000 7982248500000                                                       000102
1AAA            AAB                            172302140      20170213 N B0311    00000000000002            0200000302143004170000000021500         KS230417000000000000000011004170000000000000000000000000000000000000001000044818904104NOEMI APARECIDA DE SOUZA JARA           BARNABE MINHOS                          00000000000 7982248500000                                                       000103
1AAA            AAB                            172302159      20170213 N B0411    00000000000002            0200000302153105170000000021500         KS240517000000000000000011005170000000000000000000000000000000000000001000044818904104NOEMI APARECIDA DE SOUZA JARA           BARNABE MINHOS                          00000000000 7982248500000                                                       000104
1AAA            AAB                            172302167      20170213 N B0511    00000000000002            0200000302163006170000000021500         KS230617000000000000000011006170000000000000000000000000000000000000001000044818904104NOEMI APARECIDA DE SOUZA JARA           BARNABE MINHOS                          00000000000 7982248500000                                                       000105
1AAA            AAB                            172302175      20170213 N B0611    00000000000002            0200000302173107170000000021500         KS240717000000000000000011007170000000000000000000000000000000000000001000044818904104NOEMI APARECIDA DE SOUZA JARA           BARNABE MINHOS                          00000000000 7982248500000                                                       000106
1AAA            AAB                            172302183      20170213 N B0711    00000000000002            0200000302183108170000000021500         KS240817000000000000000011008170000000000000000000000000000000000000001000044818904104NOEMI APARECIDA DE SOUZA JARA           BARNABE MINHOS                          00000000000 7982248500000                                                       000107
1AAA            AAB                            172302191      20170213 N B0811    00000000000002            0200000302193009170000000021500         KS230917000000000000000011009170000000000000000000000000000000000000001000044818904104NOEMI APARECIDA DE SOUZA JARA           BARNABE MINHOS                          00000000000 7982248500000                                                       000108
1AAA            AAB                            172302205      20170213 N B0911    00000000000002            0200000302203110170000000021500         KS241017000000000000000011010170000000000000000000000000000000000000001000044818904104NOEMI APARECIDA DE SOUZA JARA           BARNABE MINHOS                          00000000000 7982248500000                                                       000109
1AAA            AAB                            172302213      20170213 N B1011    00000000000002            0200000302213011170000000000000         KS231117000000000000000011011170000000000000000000000000000000000000001000044818904104NOEMI APARECIDA DE SOUZA JARA           BARNABE MINHOS                          00000000000 7982248500000                                                       000110
1AAA            AAB                            172302221      20170213 N B1111    00000000000002            0200000302223112170000000000000         KS241217000000000000000011012170000000000000000000000000000000000000001000044818904104NOEMI APARECIDA DE SOUZA JARA           BARNABE MINHOS                          00000000000 7982248500000                                                       000111
1AAA            AAB                            172301349      20170213 N B1211    00000000000002            0200000301342802170000000021500         KS210217000000000000000012002170000000000000000000000000000000000000001000006087977768HAMILTON JOSE RIGONATO                  CAFELANDIA                              00000000000 7981202000000                                                       000112
1AAA            AAB                            172301357      20170213 N B0211    00000000000002            0200000301353103170000000021500         KS240317000000000000000011003170000000000000000000000000000000000000001000006087977768HAMILTON JOSE RIGONATO                  CAFELANDIA                              00000000000 7981202000000                                                       000113
1AAA            AAB                            172301365      20170213 N B0311    00000000000002            0200000301363004170000000021500         KS230417000000000000000011004170000000000000000000000000000000000000001000006087977768HAMILTON JOSE RIGONATO                  CAFELANDIA                              00000000000 7981202000000                                                       000114
1AAA            AAB                            172301373      20170213 N B0411    00000000000002            0200000301373105170000000021500         KS240517000000000000000011005170000000000000000000000000000000000000001000006087977768HAMILTON JOSE RIGONATO                  CAFELANDIA                              00000000000 7981202000000                                                       000115
1AAA            AAB                            172301381      20170213 N B0511    00000000000002            0200000301383006170000000021500         KS230617000000000000000011006170000000000000000000000000000000000000001000006087977768HAMILTON JOSE RIGONATO                  CAFELANDIA                              00000000000 7981202000000                                                       000116
1AAA            AAB                            172301390      20170213 N B0611    00000000000002            0200000301393107170000000021500         KS240717000000000000000011007170000000000000000000000000000000000000001000006087977768HAMILTON JOSE RIGONATO                  CAFELANDIA                              00000000000 7981202000000                                                       000117
1AAA            AAB                            172301403      20170213 N B0711    00000000000002            0200000301403108170000000021500         KS240817000000000000000011008170000000000000000000000000000000000000001000006087977768HAMILTON JOSE RIGONATO                  CAFELANDIA                              00000000000 7981202000000                                                       000118
1AAA            AAB                            172301411      20170213 N B0811    00000000000002            0200000301413009170000000021500         KS230917000000000000000011009170000000000000000000000000000000000000001000006087977768HAMILTON JOSE RIGONATO                  CAFELANDIA                              00000000000 7981202000000                                                       000119
1AAA            AAB                            172301420      20170213 N B0911    00000000000002            0200000301423110170000000021500         KS241017000000000000000011010170000000000000000000000000000000000000001000006087977768HAMILTON JOSE RIGONATO                  CAFELANDIA                              00000000000 7981202000000                                                       000120
1AAA            AAB                            172301438      20170213 N B1011    00000000000002            0200000301433011170000000000000         KS231117000000000000000011011170000000000000000000000000000000000000001000006087977768HAMILTON JOSE RIGONATO                  CAFELANDIA                              00000000000 7981202000000                                                       000121
1AAA            AAB                            172301446      20170213 N B1111    00000000000002            0200000301443112170000000000000         KS241217000000000000000011012170000000000000000000000000000000000000001000006087977768HAMILTON JOSE RIGONATO                  CAFELANDIA                              00000000000 7981202000000                                                       000122
1AAA            AAB                            172301780      20170213 N B1211    00000000000002            0200000301782802170000000068870         KS210217000000000000000012002170000000002370000000000000000000000000001000013568044897MARCIA DENISE PEREIRA DE SANTANA        OLINDA PIRES DE ALMEIDA                 00000000000 7980000000000                                                       000123
1AAA            AAB                            172301799      20170213 N B0211    00000000000002            0200000301793103170000000068870         KS240317000000000000000011003170000000002370000000000000000000000000001000013568044897MARCIA DENISE PEREIRA DE SANTANA        OLINDA PIRES DE ALMEIDA                 00000000000 7980000000000                                                       000124
1AAA            AAB                            172301802      20170213 N B0311    00000000000002            0200000301803004170000000068870         KS230417000000000000000011004170000000002370000000000000000000000000001000013568044897MARCIA DENISE PEREIRA DE SANTANA        OLINDA PIRES DE ALMEIDA                 00000000000 7980000000000                                                       000125
1AAA            AAB                            172301810      20170213 N B0411    00000000000002            0200000301813105170000000068870         KS240517000000000000000011005170000000002370000000000000000000000000001000013568044897MARCIA DENISE PEREIRA DE SANTANA        OLINDA PIRES DE ALMEIDA                 00000000000 7980000000000                                                       000126
1AAA            AAB                            172301829      20170213 N B0511    00000000000002            0200000301823006170000000068870         KS230617000000000000000011006170000000002370000000000000000000000000001000013568044897MARCIA DENISE PEREIRA DE SANTANA        OLINDA PIRES DE ALMEIDA                 00000000000 7980000000000                                                       000127
1AAA            AAB                            172301837      20170213 N B0611    00000000000002            0200000301833107170000000068870         KS240717000000000000000011007170000000002370000000000000000000000000001000013568044897MARCIA DENISE PEREIRA DE SANTANA        OLINDA PIRES DE ALMEIDA                 00000000000 7980000000000                                                       000128
1AAA            AAB                            172301845      20170213 N B0711    00000000000002            0200000301843108170000000068870         KS240817000000000000000011008170000000002370000000000000000000000000001000013568044897MARCIA DENISE PEREIRA DE SANTANA        OLINDA PIRES DE ALMEIDA                 00000000000 7980000000000                                                       000129
1AAA            AAB                            172301853      20170213 N B0811    00000000000002            0200000301853009170000000068870         KS230917000000000000000011009170000000002370000000000000000000000000001000013568044897MARCIA DENISE PEREIRA DE SANTANA        OLINDA PIRES DE ALMEIDA                 00000000000 7980000000000                                                       000130
1AAA            AAB                            172301861      20170213 N B0911    00000000000002            0200000301863110170000000068870         KS241017000000000000000011010170000000002370000000000000000000000000001000013568044897MARCIA DENISE PEREIRA DE SANTANA        OLINDA PIRES DE ALMEIDA                 00000000000 7980000000000                                                       000131
1AAA            AAB                            172301870      20170213 N B1011    00000000000002            0200000301873011170000000047370         KS231117000000000000000011011170000000002370000000000000000000000000001000013568044897MARCIA DENISE PEREIRA DE SANTANA        OLINDA PIRES DE ALMEIDA                 00000000000 7980000000000                                                       000132
1AAA            AAB                            172301888      20170213 N B1111    00000000000002            0200000301883112170000000047370         KS241217000000000000000011012170000000002370000000000000000000000000001000013568044897MARCIA DENISE PEREIRA DE SANTANA        OLINDA PIRES DE ALMEIDA                 00000000000 7980000000000                                                       000133
1AAA            AAB                            172300458      20170213 N B1211    00000000000002            0200000300452802170000000068870         KS210217000000000000000012002170000000002370000000000000000000000000001000058230475172RICARDO AUGUSTO LINS DO NASCIMENTO      PALMEIRAS                               00000000000 7981002000000                                                       000134
1AAA            AAB                            172300466      20170213 N B0211    00000000000002            0200000300463103170000000068870         KS240317000000000000000011003170000000002370000000000000000000000000001000058230475172RICARDO AUGUSTO LINS DO NASCIMENTO      PALMEIRAS                               00000000000 7981002000000                                                       000135
1AAA            AAB                            172300474      20170213 N B0311    00000000000002            0200000300473004170000000068870         KS230417000000000000000011004170000000002370000000000000000000000000001000058230475172RICARDO AUGUSTO LINS DO NASCIMENTO      PALMEIRAS                               00000000000 7981002000000                                                       000136
1AAA            AAB                            172300482      20170213 N B0411    00000000000002            0200000300483105170000000068870         KS240517000000000000000011005170000000002370000000000000000000000000001000058230475172RICARDO AUGUSTO LINS DO NASCIMENTO      PALMEIRAS                               00000000000 7981002000000                                                       000137
1AAA            AAB                            172300490      20170213 N B0511    00000000000002            0200000300493006170000000068870         KS230617000000000000000011006170000000002370000000000000000000000000001000058230475172RICARDO AUGUSTO LINS DO NASCIMENTO      PALMEIRAS                               00000000000 7981002000000                                                       000138
1AAA            AAB                            172300504      20170213 N B0611    00000000000002            0200000300503107170000000068870         KS240717000000000000000011007170000000002370000000000000000000000000001000058230475172RICARDO AUGUSTO LINS DO NASCIMENTO      PALMEIRAS                               00000000000 7981002000000                                                       000139
1AAA            AAB                            172300512      20170213 N B0711    00000000000002            0200000300513108170000000068870         KS240817000000000000000011008170000000002370000000000000000000000000001000058230475172RICARDO AUGUSTO LINS DO NASCIMENTO      PALMEIRAS                               00000000000 7981002000000                                                       000140
1AAA            AAB                            172300520      20170213 N B0811    00000000000002            0200000300523009170000000068870         KS230917000000000000000011009170000000002370000000000000000000000000001000058230475172RICARDO AUGUSTO LINS DO NASCIMENTO      PALMEIRAS                               00000000000 7981002000000                                                       000141
1AAA            AAB                            172300539      20170213 N B0911    00000000000002            0200000300533110170000000068870         KS241017000000000000000011010170000000002370000000000000000000000000001000058230475172RICARDO AUGUSTO LINS DO NASCIMENTO      PALMEIRAS                               00000000000 7981002000000                                                       000142
1AAA            AAB                            172300547      20170213 N B1011    00000000000002            0200000300543011170000000047370         KS231117000000000000000011011170000000002370000000000000000000000000001000058230475172RICARDO AUGUSTO LINS DO NASCIMENTO      PALMEIRAS                               00000000000 7981002000000                                                       000143
1AAA            AAB                            172300555      20170213 N B1111    00000000000002            0200000300553112170000000047370         KS241217000000000000000011012170000000002370000000000000000000000000001000058230475172RICARDO AUGUSTO LINS DO NASCIMENTO      PALMEIRAS                               00000000000 7981002000000                                                       000144
1AAA            AAB                            172300890      20170213 N B1211    00000000000002            0200000300892802170000000083081         KS210217000000000000000012002170000000003081000000000000000000000000001000004144217876ANTONIO BELLATO GARCIA                  IGUASSU                                 00000000000 7982315000000                                                       000145
1AAA            AAB                            172300903      20170213 N B0211    00000000000002            0200000300903103170000000083081         KS240317000000000000000011003170000000003081000000000000000000000000001000004144217876ANTONIO BELLATO GARCIA                  IGUASSU                                 00000000000 7982315000000                                                       000146
1AAA            AAB                            172300911      20170213 N B0311    00000000000002            0200000300913004170000000083081         KS230417000000000000000011004170000000003081000000000000000000000000001000004144217876ANTONIO BELLATO GARCIA                  IGUASSU                                 00000000000 7982315000000                                                       000147
1AAA            AAB                            172300920      20170213 N B0411    00000000000002            0200000300923105170000000083081         KS240517000000000000000011005170000000003081000000000000000000000000001000004144217876ANTONIO BELLATO GARCIA                  IGUASSU                                 00000000000 7982315000000                                                       000148
1AAA            AAB                            172300938      20170213 N B0511    00000000000002            0200000300933006170000000083081         KS230617000000000000000011006170000000003081000000000000000000000000001000004144217876ANTONIO BELLATO GARCIA                  IGUASSU                                 00000000000 7982315000000                                                       000149
1AAA            AAB                            172300946      20170213 N B0611    00000000000002            0200000300943107170000000083081         KS240717000000000000000011007170000000003081000000000000000000000000001000004144217876ANTONIO BELLATO GARCIA                  IGUASSU                                 00000000000 7982315000000                                                       000150
1AAA            AAB                            172300954      20170213 N B0711    00000000000002            0200000300953108170000000083081         KS240817000000000000000011008170000000003081000000000000000000000000001000004144217876ANTONIO BELLATO GARCIA                  IGUASSU                                 00000000000 7982315000000                                                       000151
1AAA            AAB                            172300962      20170213 N B0811    00000000000002            0200000300963009170000000083081         KS230917000000000000000011009170000000003081000000000000000000000000001000004144217876ANTONIO BELLATO GARCIA                  IGUASSU                                 00000000000 7982315000000                                                       000152
1AAA            AAB                            172300970      20170213 N B0911    00000000000002            0200000300973110170000000083081         KS241017000000000000000011010170000000003081000000000000000000000000001000004144217876ANTONIO BELLATO GARCIA                  IGUASSU                                 00000000000 7982315000000                                                       000153
1AAA            AAB                            172300989      20170213 N B1011    00000000000002            0200000300983011170000000061581         KS231117000000000000000011011170000000003081000000000000000000000000001000004144217876ANTONIO BELLATO GARCIA                  IGUASSU                                 00000000000 7982315000000                                                       000154
1AAA            AAB                            172300997      20170213 N B1111    00000000000002            0200000300993112170000000061581         KS241217000000000000000011012170000000003081000000000000000000000000001000004144217876ANTONIO BELLATO GARCIA                  IGUASSU                                 00000000000 7982315000000                                                       000155
1AAA            AAB                            172300679      20170213 N B1211    00000000000002            0200000300672802170000000083081         KS210217000000000000000012002170000000003081000000000000000000000000001000004144217876ANTONIO BELLATO GARCIA                  IGUASSU                                 00000000000 7982315000000                                                       000156
1AAA            AAB                            172300687      20170213 N B0211    00000000000002            0200000300683103170000000083081         KS240317000000000000000011003170000000003081000000000000000000000000001000004144217876ANTONIO BELLATO GARCIA                  IGUASSU                                 00000000000 7982315000000                                                       000157
1AAA            AAB                            172300695      20170213 N B0311    00000000000002            0200000300693004170000000083081         KS230417000000000000000011004170000000003081000000000000000000000000001000004144217876ANTONIO BELLATO GARCIA                  IGUASSU                                 00000000000 7982315000000                                                       000158
1AAA            AAB                            172300709      20170213 N B0411    00000000000002            0200000300703105170000000083081         KS240517000000000000000011005170000000003081000000000000000000000000001000004144217876ANTONIO BELLATO GARCIA                  IGUASSU                                 00000000000 7982315000000                                                       000159
1AAA            AAB                            172300717      20170213 N B0511    00000000000002            0200000300713006170000000083081         KS230617000000000000000011006170000000003081000000000000000000000000001000004144217876ANTONIO BELLATO GARCIA                  IGUASSU                                 00000000000 7982315000000                                                       000160
1AAA            AAB                            172300725      20170213 N B0611    00000000000002            0200000300723107170000000083081         KS240717000000000000000011007170000000003081000000000000000000000000001000004144217876ANTONIO BELLATO GARCIA                  IGUASSU                                 00000000000 7982315000000                                                       000161
1AAA            AAB                            172300733      20170213 N B0711    00000000000002            0200000300733108170000000083081         KS240817000000000000000011008170000000003081000000000000000000000000001000004144217876ANTONIO BELLATO GARCIA                  IGUASSU                                 00000000000 7982315000000                                                       000162
1AAA            AAB                            172300741      20170213 N B0811    00000000000002            0200000300743009170000000083081         KS230917000000000000000011009170000000003081000000000000000000000000001000004144217876ANTONIO BELLATO GARCIA                  IGUASSU                                 00000000000 7982315000000                                                       000163
1AAA            AAB                            172300750      20170213 N B0911    00000000000002            0200000300753110170000000083081         KS241017000000000000000011010170000000003081000000000000000000000000001000004144217876ANTONIO BELLATO GARCIA                  IGUASSU                                 00000000000 7982315000000                                                       000164
1AAA            AAB                            172300768      20170213 N B1011    00000000000002            0200000300763011170000000061581         KS231117000000000000000011011170000000003081000000000000000000000000001000004144217876ANTONIO BELLATO GARCIA                  IGUASSU                                 00000000000 7982315000000                                                       000165
1AAA            AAB                            172300776      20170213 N B1111    00000000000002            0200000300773112170000000061581         KS241217000000000000000011012170000000003081000000000000000000000000001000004144217876ANTONIO BELLATO GARCIA                  IGUASSU                                 00000000000 7982315000000                                                       000166
1AAA            AAB                            172301454      20170213 N B1211    00000000000002            0200000301452802170000000021500         KS210217000000000000000012002170000000000000000000000000000000000000001000037665766072SINVAL VICENZI                          IZZAT BUSSUAN                           00000000000 7982610000000                                                       000167
1AAA            AAB                            172301462      20170213 N B0211    00000000000002            0200000301463103170000000021500         KS240317000000000000000011003170000000000000000000000000000000000000001000037665766072SINVAL VICENZI                          IZZAT BUSSUAN                           00000000000 7982610000000                                                       000168
1AAA            AAB                            172301470      20170213 N B0311    00000000000002            0200000301473004170000000021500         KS230417000000000000000011004170000000000000000000000000000000000000001000037665766072SINVAL VICENZI                          IZZAT BUSSUAN                           00000000000 7982610000000                                                       000169
1AAA            AAB                            172301489      20170213 N B0411    00000000000002            0200000301483105170000000021500         KS240517000000000000000011005170000000000000000000000000000000000000001000037665766072SINVAL VICENZI                          IZZAT BUSSUAN                           00000000000 7982610000000                                                       000170
1AAA            AAB                            172301497      20170213 N B0511    00000000000002            0200000301493006170000000021500         KS230617000000000000000011006170000000000000000000000000000000000000001000037665766072SINVAL VICENZI                          IZZAT BUSSUAN                           00000000000 7982610000000                                                       000171
1AAA            AAB                            172301500      20170213 N B0611    00000000000002            0200000301503107170000000021500         KS240717000000000000000011007170000000000000000000000000000000000000001000037665766072SINVAL VICENZI                          IZZAT BUSSUAN                           00000000000 7982610000000                                                       000172
1AAA            AAB                            172301519      20170213 N B0711    00000000000002            0200000301513108170000000021500         KS240817000000000000000011008170000000000000000000000000000000000000001000037665766072SINVAL VICENZI                          IZZAT BUSSUAN                           00000000000 7982610000000                                                       000173
1AAA            AAB                            172301527      20170213 N B0811    00000000000002            0200000301523009170000000021500         KS230917000000000000000011009170000000000000000000000000000000000000001000037665766072SINVAL VICENZI                          IZZAT BUSSUAN                           00000000000 7982610000000                                                       000174
1AAA            AAB                            172301535      20170213 N B0911    00000000000002            0200000301533110170000000021500         KS241017000000000000000011010170000000000000000000000000000000000000001000037665766072SINVAL VICENZI                          IZZAT BUSSUAN                           00000000000 7982610000000                                                       000175
1AAA            AAB                            172301543      20170213 N B1011    00000000000002            0200000301543011170000000000000         KS231117000000000000000011011170000000000000000000000000000000000000001000037665766072SINVAL VICENZI                          IZZAT BUSSUAN                           00000000000 7982610000000                                                       000176
1AAA            AAB                            172301551      20170213 N B1111    00000000000002            0200000301553112170000000000000         KS241217000000000000000011012170000000000000000000000000000000000000001000037665766072SINVAL VICENZI                          IZZAT BUSSUAN                           00000000000 7982610000000                                                       000177
1AAA            AAB                            172302230      20170213 N B1211    00000000000002            0200000302233101170000000021500         KS240117000000000000000011001170000000000000000000000000000000000000001000037005006020HENRIQUE CIVARDI                        WLADOMIRO DO AMARAL                     00000000000 7981402200000                                                       000178
1AAA            AAB                            172302248      20170213 N B0112    00000000000002            0200000302242802170000000021500         KS210217000000000000000012002170000000000000000000000000000000000000001000037005006020HENRIQUE CIVARDI                        WLADOMIRO DO AMARAL                     00000000000 7981402200000                                                       000179
1AAA            AAB                            172302256      20170213 N B0212    00000000000002            0200000302253103170000000021500         KS240317000000000000000011003170000000000000000000000000000000000000001000037005006020HENRIQUE CIVARDI                        WLADOMIRO DO AMARAL                     00000000000 7981402200000                                                       000180
1AAA            AAB                            172302264      20170213 N B0312    00000000000002            0200000302263004170000000021500         KS230417000000000000000011004170000000000000000000000000000000000000001000037005006020HENRIQUE CIVARDI                        WLADOMIRO DO AMARAL                     00000000000 7981402200000                                                       000181
1AAA            AAB                            172302272      20170213 N B0412    00000000000002            0200000302273105170000000021500         KS240517000000000000000011005170000000000000000000000000000000000000001000037005006020HENRIQUE CIVARDI                        WLADOMIRO DO AMARAL                     00000000000 7981402200000                                                       000182
1AAA            AAB                            172302280      20170213 N B0512    00000000000002            0200000302283006170000000021500         KS230617000000000000000011006170000000000000000000000000000000000000001000037005006020HENRIQUE CIVARDI                        WLADOMIRO DO AMARAL                     00000000000 7981402200000                                                       000183
1AAA            AAB                            172302299      20170213 N B0612    00000000000002            0200000302293107170000000021500         KS240717000000000000000011007170000000000000000000000000000000000000001000037005006020HENRIQUE CIVARDI                        WLADOMIRO DO AMARAL                     00000000000 7981402200000                                                       000184
1AAA            AAB                            172302302      20170213 N B0712    00000000000002            0200000302303108170000000021500         KS240817000000000000000011008170000000000000000000000000000000000000001000037005006020HENRIQUE CIVARDI                        WLADOMIRO DO AMARAL                     00000000000 7981402200000                                                       000185
1AAA            AAB                            172302310      20170213 N B0812    00000000000002            0200000302313009170000000021500         KS230917000000000000000011009170000000000000000000000000000000000000001000037005006020HENRIQUE CIVARDI                        WLADOMIRO DO AMARAL                     00000000000 7981402200000                                                       000186
1AAA            AAB                            172302329      20170213 N B0912    00000000000002            0200000302323110170000000021500         KS241017000000000000000011010170000000000000000000000000000000000000001000037005006020HENRIQUE CIVARDI                        WLADOMIRO DO AMARAL                     00000000000 7981402200000                                                       000187
1AAA            AAB                            172302337      20170213 N B1012    00000000000002            0200000302333011170000000000000         KS231117000000000000000011011170000000000000000000000000000000000000001000037005006020HENRIQUE CIVARDI                        WLADOMIRO DO AMARAL                     00000000000 7981402200000                                                       000188
1AAA            AAB                            172302345      20170213 N B1112    00000000000002            0200000302343112170000000000000         KS241217000000000000000011012170000000000000000000000000000000000000001000037005006020HENRIQUE CIVARDI                        WLADOMIRO DO AMARAL                     00000000000 7981402200000                                                       000189
1AAA            AAB                            172301225      20170213 N B1212    00000000000002            0200000301223101170000000097292         KS240117000000000000000011001170000000003792000000000000000000000000001000001774276984CELSO PINHEIRO DE SOUZA                 FRANCISCO MARTINS VIEGAS                00000000000 7982358000000                                                       000190
1AAA            AAB                            172301233      20170213 N B0112    00000000000002            0200000301232802170000000097292         KS210217000000000000000012002170000000003792000000000000000000000000001000001774276984CELSO PINHEIRO DE SOUZA                 FRANCISCO MARTINS VIEGAS                00000000000 7982358000000                                                       000191
1AAA            AAB                            172301241      20170213 N B0212    00000000000002            0200000301243103170000000097292         KS240317000000000000000011003170000000003792000000000000000000000000001000001774276984CELSO PINHEIRO DE SOUZA                 FRANCISCO MARTINS VIEGAS                00000000000 7982358000000                                                       000192
1AAA            AAB                            172301250      20170213 N B0312    00000000000002            0200000301253004170000000097292         KS230417000000000000000011004170000000003792000000000000000000000000001000001774276984CELSO PINHEIRO DE SOUZA                 FRANCISCO MARTINS VIEGAS                00000000000 7982358000000                                                       000193
1AAA            AAB                            172301268      20170213 N B0412    00000000000002            0200000301263105170000000097292         KS240517000000000000000011005170000000003792000000000000000000000000001000001774276984CELSO PINHEIRO DE SOUZA                 FRANCISCO MARTINS VIEGAS                00000000000 7982358000000                                                       000194
1AAA            AAB                            172301276      20170213 N B0512    00000000000002            0200000301273006170000000097292         KS230617000000000000000011006170000000003792000000000000000000000000001000001774276984CELSO PINHEIRO DE SOUZA                 FRANCISCO MARTINS VIEGAS                00000000000 7982358000000                                                       000195
1AAA            AAB                            172301284      20170213 N B0612    00000000000002            0200000301283107170000000097292         KS240717000000000000000011007170000000003792000000000000000000000000001000001774276984CELSO PINHEIRO DE SOUZA                 FRANCISCO MARTINS VIEGAS                00000000000 7982358000000                                                       000196
1AAA            AAB                            172301292      20170213 N B0712    00000000000002            0200000301293108170000000097292         KS240817000000000000000011008170000000003792000000000000000000000000001000001774276984CELSO PINHEIRO DE SOUZA                 FRANCISCO MARTINS VIEGAS                00000000000 7982358000000                                                       000197
1AAA            AAB                            172301306      20170213 N B0812    00000000000002            0200000301303009170000000097292         KS230917000000000000000011009170000000003792000000000000000000000000001000001774276984CELSO PINHEIRO DE SOUZA                 FRANCISCO MARTINS VIEGAS                00000000000 7982358000000                                                       000198
1AAA            AAB                            172301314      20170213 N B0912    00000000000002            0200000301313110170000000097292         KS241017000000000000000011010170000000003792000000000000000000000000001000001774276984CELSO PINHEIRO DE SOUZA                 FRANCISCO MARTINS VIEGAS                00000000000 7982358000000                                                       000199
1AAA            AAB                            172301322      20170213 N B1012    00000000000002            0200000301323011170000000075792         KS231117000000000000000011011170000000003792000000000000000000000000001000001774276984CELSO PINHEIRO DE SOUZA                 FRANCISCO MARTINS VIEGAS                00000000000 7982358000000                                                       000200
1AAA            AAB                            172301330      20170213 N B1112    00000000000002            0200000301333112170000000075792         KS241217000000000000000011012170000000003792000000000000000000000000001000001774276984CELSO PINHEIRO DE SOUZA                 FRANCISCO MARTINS VIEGAS                00000000000 7982358000000                                                       000201
1AAA            AAB                            172301896      20170213 N B1212    00000000000002            0200000301893101170000000021500         KS240117000000000000000011001170000000000000000000000000000000000000001000065391519187ALVARO SARAT BAREIRO                    PORTUGAL                                00000000000 7982662500000                                                       000202
1AAA            AAB                            172301900      20170213 N B0112    00000000000002            0200000301902802170000000021500         KS210217000000000000000012002170000000000000000000000000000000000000001000065391519187ALVARO SARAT BAREIRO                    PORTUGAL                                00000000000 7982662500000                                                       000203
1AAA            AAB                            172301918      20170213 N B0212    00000000000002            0200000301913103170000000021500         KS240317000000000000000011003170000000000000000000000000000000000000001000065391519187ALVARO SARAT BAREIRO                    PORTUGAL                                00000000000 7982662500000                                                       000204
1AAA            AAB                            172301926      20170213 N B0312    00000000000002            0200000301923004170000000021500         KS230417000000000000000011004170000000000000000000000000000000000000001000065391519187ALVARO SARAT BAREIRO                    PORTUGAL                                00000000000 7982662500000                                                       000205
1AAA            AAB                            172301934      20170213 N B0412    00000000000002            0200000301933105170000000021500         KS240517000000000000000011005170000000000000000000000000000000000000001000065391519187ALVARO SARAT BAREIRO                    PORTUGAL                                00000000000 7982662500000                                                       000206
1AAA            AAB                            172301942      20170213 N B0512    00000000000002            0200000301943006170000000021500         KS230617000000000000000011006170000000000000000000000000000000000000001000065391519187ALVARO SARAT BAREIRO                    PORTUGAL                                00000000000 7982662500000                                                       000207
1AAA            AAB                            172301950      20170213 N B0612    00000000000002            0200000301953107170000000021500         KS240717000000000000000011007170000000000000000000000000000000000000001000065391519187ALVARO SARAT BAREIRO                    PORTUGAL                                00000000000 7982662500000                                                       000208
1AAA            AAB                            172301969      20170213 N B0712    00000000000002            0200000301963108170000000021500         KS240817000000000000000011008170000000000000000000000000000000000000001000065391519187ALVARO SARAT BAREIRO                    PORTUGAL                                00000000000 7982662500000                                                       000209
1AAA            AAB                            172301977      20170213 N B0812    00000000000002            0200000301973009170000000021500         KS230917000000000000000011009170000000000000000000000000000000000000001000065391519187ALVARO SARAT BAREIRO                    PORTUGAL                                00000000000 7982662500000                                                       000210
1AAA            AAB                            172301985      20170213 N B0912    00000000000002            0200000301983110170000000021500         KS241017000000000000000011010170000000000000000000000000000000000000001000065391519187ALVARO SARAT BAREIRO                    PORTUGAL                                00000000000 7982662500000                                                       000211
1AAA            AAB                            172301993      20170213 N B1012    00000000000002            0200000301993011170000000000000         KS231117000000000000000011011170000000000000000000000000000000000000001000065391519187ALVARO SARAT BAREIRO                    PORTUGAL                                00000000000 7982662500000                                                       000212
1AAA            AAB                            172302000      20170213 N B1112    00000000000002            0200000302003112170000000000000         KS241217000000000000000011012170000000000000000000000000000000000000001000065391519187ALVARO SARAT BAREIRO                    PORTUGAL                                00000000000 7982662500000                                                       000213
1AAA            AAB                            172300237      20170213 N B1212    00000000000002            0200000300232802170000000087818         KS210217000000000000000012002170000000003318000000000000000000000000001000065245318172DENISE BARBOSA GOULART CLAUDINO         PROFESSOR JOSE DOS SANTOS               00000000000 7981455400000                                                       000214
1AAA            AAB                            172300245      20170213 N B0211    00000000000002            0200000300243103170000000087818         KS240317000000000000000011003170000000003318000000000000000000000000001000065245318172DENISE BARBOSA GOULART CLAUDINO         PROFESSOR JOSE DOS SANTOS               00000000000 7981455400000                                                       000215
1AAA            AAB                            172300253      20170213 N B0311    00000000000002            0200000300253004170000000087818         KS230417000000000000000011004170000000003318000000000000000000000000001000065245318172DENISE BARBOSA GOULART CLAUDINO         PROFESSOR JOSE DOS SANTOS               00000000000 7981455400000                                                       000216
1AAA            AAB                            172300261      20170213 N B0411    00000000000002            0200000300263105170000000087818         KS240517000000000000000011005170000000003318000000000000000000000000001000065245318172DENISE BARBOSA GOULART CLAUDINO         PROFESSOR JOSE DOS SANTOS               00000000000 7981455400000                                                       000217
1AAA            AAB                            172300270      20170213 N B0511    00000000000002            0200000300273006170000000087818         KS230617000000000000000011006170000000003318000000000000000000000000001000065245318172DENISE BARBOSA GOULART CLAUDINO         PROFESSOR JOSE DOS SANTOS               00000000000 7981455400000                                                       000218
1AAA            AAB                            172300288      20170213 N B0611    00000000000002            0200000300283107170000000087818         KS240717000000000000000011007170000000003318000000000000000000000000001000065245318172DENISE BARBOSA GOULART CLAUDINO         PROFESSOR JOSE DOS SANTOS               00000000000 7981455400000                                                       000219
1AAA            AAB                            172300296      20170213 N B0711    00000000000002            0200000300293108170000000087818         KS240817000000000000000011008170000000003318000000000000000000000000001000065245318172DENISE BARBOSA GOULART CLAUDINO         PROFESSOR JOSE DOS SANTOS               00000000000 7981455400000                                                       000220
1AAA            AAB                            172300300      20170213 N B0811    00000000000002            0200000300303009170000000087818         KS230917000000000000000011009170000000003318000000000000000000000000001000065245318172DENISE BARBOSA GOULART CLAUDINO         PROFESSOR JOSE DOS SANTOS               00000000000 7981455400000                                                       000221
1AAA            AAB                            172300318      20170213 N B0911    00000000000002            0200000300313110170000000087818         KS241017000000000000000011010170000000003318000000000000000000000000001000065245318172DENISE BARBOSA GOULART CLAUDINO         PROFESSOR JOSE DOS SANTOS               00000000000 7981455400000                                                       000222
1AAA            AAB                            172300326      20170213 N B1011    00000000000002            0200000300323011170000000066318         KS231117000000000000000011011170000000003318000000000000000000000000001000065245318172DENISE BARBOSA GOULART CLAUDINO         PROFESSOR JOSE DOS SANTOS               00000000000 7981455400000                                                       000223
1AAA            AAB                            172300334      20170213 N B1111    00000000000002            0200000300333112170000000066318         KS241217000000000000000011012170000000003318000000000000000000000000001000065245318172DENISE BARBOSA GOULART CLAUDINO         PROFESSOR JOSE DOS SANTOS               00000000000 7981455400000                                                       000224
9174826431                                                                                                                                                                                                                                                                                                                                                                                                000225
