01REMESSA01COBRANCA       2643103361110000177                               748SICREDI        20170216        0000046                                                                                                                                                                                                                                                                                 2.00000001
1AAA            AAB                            172041240      20170216 N B0000    00000000000002            0100000041242802170000000045530         KS210217000000000000000012002170000000001530000000000000000000000000001000061485535115ANA PAULA GONCALVES FERREIRA SILVA      RANULFO SALDIVAR                        00000000000 7982342000000                                                       000002
1AAA            AAB                            172041258      20170216 N B0211    00000000000002            0100000041253103170000000045530         KS240317000000000000000011003170000000001530000000000000000000000000001000061485535115ANA PAULA GONCALVES FERREIRA SILVA      RANULFO SALDIVAR                        00000000000 7982342000000                                                       000003
1AAA            AAB                            172041266      20170216 N B0311    00000000000002            0100000041263004170000000045530         KS230417000000000000000011004170000000001530000000000000000000000000001000061485535115ANA PAULA GONCALVES FERREIRA SILVA      RANULFO SALDIVAR                        00000000000 7982342000000                                                       000004
1AAA            AAB                            172041274      20170216 N B0411    00000000000002            0100000041273105170000000045530         KS240517000000000000000011005170000000001530000000000000000000000000001000061485535115ANA PAULA GONCALVES FERREIRA SILVA      RANULFO SALDIVAR                        00000000000 7982342000000                                                       000005
1AAA            AAB                            172041282      20170216 N B0511    00000000000002            0100000041283006170000000045530         KS230617000000000000000011006170000000001530000000000000000000000000001000061485535115ANA PAULA GONCALVES FERREIRA SILVA      RANULFO SALDIVAR                        00000000000 7982342000000                                                       000006
1AAA            AAB                            172041290      20170216 N B0611    00000000000002            0100000041293107170000000045530         KS240717000000000000000011007170000000001530000000000000000000000000001000061485535115ANA PAULA GONCALVES FERREIRA SILVA      RANULFO SALDIVAR                        00000000000 7982342000000                                                       000007
1AAA            AAB                            172041304      20170216 N B0711    00000000000002            0100000041303108170000000045530         KS240817000000000000000011008170000000001530000000000000000000000000001000061485535115ANA PAULA GONCALVES FERREIRA SILVA      RANULFO SALDIVAR                        00000000000 7982342000000                                                       000008
1AAA            AAB                            172041312      20170216 N B0811    00000000000002            0100000041313009170000000045530         KS230917000000000000000011009170000000001530000000000000000000000000001000061485535115ANA PAULA GONCALVES FERREIRA SILVA      RANULFO SALDIVAR                        00000000000 7982342000000                                                       000009
1AAA            AAB                            172041320      20170216 N B0911    00000000000002            0100000041323110170000000030530         KS241017000000000000000011010170000000001530000000000000000000000000001000061485535115ANA PAULA GONCALVES FERREIRA SILVA      RANULFO SALDIVAR                        00000000000 7982342000000                                                       000010
1AAA            AAB                            172041339      20170216 N B1011    00000000000002            0100000041333011170000000030530         KS231117000000000000000011011170000000001530000000000000000000000000001000061485535115ANA PAULA GONCALVES FERREIRA SILVA      RANULFO SALDIVAR                        00000000000 7982342000000                                                       000011
1AAA            AAB                            172041347      20170216 N B1111    00000000000002            0100000041343112170000000030530         KS241217000000000000000011012170000000001530000000000000000000000000001000061485535115ANA PAULA GONCALVES FERREIRA SILVA      RANULFO SALDIVAR                        00000000000 7982342000000                                                       000012
9174826431                                                                                                                                                                                                                                                                                                                                                                                                000013
