01REMESSA01COBRANCA       2643103361110000177                               748SICREDI        20170220        0000048                                                                                                                                                                                                                                                                                 2.00000001
1AAA            AAB                            172000659      20170220 N B0000    00000000000002            0100000000652802170000000045530         KS210217000000000000000012002170000000001530000000000000000000000000001000001308956100RAFAELA PEREIRA RIBAS GONCALVES         NOSSA SENHORA DE FATIMA                 00000000000 7970000000000                                                       000002
1AAA            AAB                            172000667      20170220 N B0211    00000000000002            0100000000663103170000000045530         KS240317000000000000000011003170000000001530000000000000000000000000001000001308956100RAFAELA PEREIRA RIBAS GONCALVES         NOSSA SENHORA DE FATIMA                 00000000000 7970000000000                                                       000003
1AAA            AAB                            172000675      20170220 N B0311    00000000000002            0100000000673004170000000045530         KS230417000000000000000011004170000000001530000000000000000000000000001000001308956100RAFAELA PEREIRA RIBAS GONCALVES         NOSSA SENHORA DE FATIMA                 00000000000 7970000000000                                                       000004
1AAA            AAB                            172000683      20170220 N B0411    00000000000002            0100000000683105170000000045530         KS240517000000000000000011005170000000001530000000000000000000000000001000001308956100RAFAELA PEREIRA RIBAS GONCALVES         NOSSA SENHORA DE FATIMA                 00000000000 7970000000000                                                       000005
1AAA            AAB                            172000691      20170220 N B0511    00000000000002            0100000000693006170000000045530         KS230617000000000000000011006170000000001530000000000000000000000000001000001308956100RAFAELA PEREIRA RIBAS GONCALVES         NOSSA SENHORA DE FATIMA                 00000000000 7970000000000                                                       000006
1AAA            AAB                            172000705      20170220 N B0611    00000000000002            0100000000703107170000000045530         KS240717000000000000000011007170000000001530000000000000000000000000001000001308956100RAFAELA PEREIRA RIBAS GONCALVES         NOSSA SENHORA DE FATIMA                 00000000000 7970000000000                                                       000007
1AAA            AAB                            172000713      20170220 N B0711    00000000000002            0100000000713108170000000045530         KS240817000000000000000011008170000000001530000000000000000000000000001000001308956100RAFAELA PEREIRA RIBAS GONCALVES         NOSSA SENHORA DE FATIMA                 00000000000 7970000000000                                                       000008
1AAA            AAB                            172000721      20170220 N B0811    00000000000002            0100000000723009170000000045530         KS230917000000000000000011009170000000001530000000000000000000000000001000001308956100RAFAELA PEREIRA RIBAS GONCALVES         NOSSA SENHORA DE FATIMA                 00000000000 7970000000000                                                       000009
1AAA            AAB                            172000730      20170220 N B0911    00000000000002            0100000000733110170000000030530         KS241017000000000000000011010170000000001530000000000000000000000000001000001308956100RAFAELA PEREIRA RIBAS GONCALVES         NOSSA SENHORA DE FATIMA                 00000000000 7970000000000                                                       000010
1AAA            AAB                            172000748      20170220 N B1011    00000000000002            0100000000743011170000000030530         KS231117000000000000000011011170000000001530000000000000000000000000001000001308956100RAFAELA PEREIRA RIBAS GONCALVES         NOSSA SENHORA DE FATIMA                 00000000000 7970000000000                                                       000011
1AAA            AAB                            172000756      20170220 N B1111    00000000000002            0100000000753112170000000030530         KS241217000000000000000011012170000000001530000000000000000000000000001000001308956100RAFAELA PEREIRA RIBAS GONCALVES         NOSSA SENHORA DE FATIMA                 00000000000 7970000000000                                                       000012
1AAA            AAB                            172041355      20170220 N B1211    00000000000002            0100000041352802170000000066901         KS210217000000000000000012002170000000002601000000000000000000000000001000032093697807ROGER ALBUQUERQUE  DA SILVA             HORACIO VICENTE DE ALMEIDA              00000000000 7980000000000                                                       000013
1AAA            AAB                            172041460      20170220 N B0211    00000000000002            0100000041462802170000000066901         KS210217000000000000000012002170000000002601000000000000000000000000001000032093697807ROGER ALBUQUERQUE  DA SILVA             HORACIO VICENTE DE ALMEIDA              00000000000 7980000000000                                                       000014
1AAA            AAB                            172041576      20170220 N B0211    00000000000002            0100000041572802170000000066901         KS210217000000000000000012002170000000002601000000000000000000000000001000032093697807ROGER ALBUQUERQUE  DA SILVA             HORACIO VICENTE DE ALMEIDA              00000000000 7980000000000                                                       000015
1AAA            AAB                            172041363      20170220 N B0211    00000000000002            0100000041363103170000000066901         KS240317000000000000000011003170000000002601000000000000000000000000001000032093697807ROGER ALBUQUERQUE  DA SILVA             HORACIO VICENTE DE ALMEIDA              00000000000 7980000000000                                                       000016
1AAA            AAB                            172041479      20170220 N B0311    00000000000002            0100000041473103170000000066901         KS240317000000000000000011003170000000002601000000000000000000000000001000032093697807ROGER ALBUQUERQUE  DA SILVA             HORACIO VICENTE DE ALMEIDA              00000000000 7980000000000                                                       000017
1AAA            AAB                            172041584      20170220 N B0311    00000000000002            0100000041583103170000000066901         KS240317000000000000000011003170000000002601000000000000000000000000001000032093697807ROGER ALBUQUERQUE  DA SILVA             HORACIO VICENTE DE ALMEIDA              00000000000 7980000000000                                                       000018
1AAA            AAB                            172041371      20170220 N B0311    00000000000002            0100000041373004170000000066901         KS230417000000000000000011004170000000002601000000000000000000000000001000032093697807ROGER ALBUQUERQUE  DA SILVA             HORACIO VICENTE DE ALMEIDA              00000000000 7980000000000                                                       000019
1AAA            AAB                            172041487      20170220 N B0411    00000000000002            0100000041483004170000000066901         KS230417000000000000000011004170000000002601000000000000000000000000001000032093697807ROGER ALBUQUERQUE  DA SILVA             HORACIO VICENTE DE ALMEIDA              00000000000 7980000000000                                                       000020
1AAA            AAB                            172041592      20170220 N B0411    00000000000002            0100000041593004170000000066901         KS230417000000000000000011004170000000002601000000000000000000000000001000032093697807ROGER ALBUQUERQUE  DA SILVA             HORACIO VICENTE DE ALMEIDA              00000000000 7980000000000                                                       000021
1AAA            AAB                            172041380      20170220 N B0411    00000000000002            0100000041383105170000000066901         KS240517000000000000000011005170000000002601000000000000000000000000001000032093697807ROGER ALBUQUERQUE  DA SILVA             HORACIO VICENTE DE ALMEIDA              00000000000 7980000000000                                                       000022
1AAA            AAB                            172041495      20170220 N B0511    00000000000002            0100000041493105170000000066901         KS240517000000000000000011005170000000002601000000000000000000000000001000032093697807ROGER ALBUQUERQUE  DA SILVA             HORACIO VICENTE DE ALMEIDA              00000000000 7980000000000                                                       000023
1AAA            AAB                            172041606      20170220 N B0511    00000000000002            0100000041603105170000000066901         KS240517000000000000000011005170000000002601000000000000000000000000001000032093697807ROGER ALBUQUERQUE  DA SILVA             HORACIO VICENTE DE ALMEIDA              00000000000 7980000000000                                                       000024
1AAA            AAB                            172041398      20170220 N B0511    00000000000002            0100000041393006170000000066901         KS230617000000000000000011006170000000002601000000000000000000000000001000032093697807ROGER ALBUQUERQUE  DA SILVA             HORACIO VICENTE DE ALMEIDA              00000000000 7980000000000                                                       000025
1AAA            AAB                            172041509      20170220 N B0611    00000000000002            0100000041503006170000000066901         KS230617000000000000000011006170000000002601000000000000000000000000001000032093697807ROGER ALBUQUERQUE  DA SILVA             HORACIO VICENTE DE ALMEIDA              00000000000 7980000000000                                                       000026
1AAA            AAB                            172041614      20170220 N B0611    00000000000002            0100000041613006170000000066901         KS230617000000000000000011006170000000002601000000000000000000000000001000032093697807ROGER ALBUQUERQUE  DA SILVA             HORACIO VICENTE DE ALMEIDA              00000000000 7980000000000                                                       000027
1AAA            AAB                            172041401      20170220 N B0611    00000000000002            0100000041403107170000000066901         KS240717000000000000000011007170000000002601000000000000000000000000001000032093697807ROGER ALBUQUERQUE  DA SILVA             HORACIO VICENTE DE ALMEIDA              00000000000 7980000000000                                                       000028
1AAA            AAB                            172041517      20170220 N B0711    00000000000002            0100000041513107170000000066901         KS240717000000000000000011007170000000002601000000000000000000000000001000032093697807ROGER ALBUQUERQUE  DA SILVA             HORACIO VICENTE DE ALMEIDA              00000000000 7980000000000                                                       000029
1AAA            AAB                            172041622      20170220 N B0711    00000000000002            0100000041623107170000000066901         KS240717000000000000000011007170000000002601000000000000000000000000001000032093697807ROGER ALBUQUERQUE  DA SILVA             HORACIO VICENTE DE ALMEIDA              00000000000 7980000000000                                                       000030
1AAA            AAB                            172041410      20170220 N B0711    00000000000002            0100000041413108170000000066901         KS240817000000000000000011008170000000002601000000000000000000000000001000032093697807ROGER ALBUQUERQUE  DA SILVA             HORACIO VICENTE DE ALMEIDA              00000000000 7980000000000                                                       000031
1AAA            AAB                            172041525      20170220 N B0811    00000000000002            0100000041523108170000000066901         KS240817000000000000000011008170000000002601000000000000000000000000001000032093697807ROGER ALBUQUERQUE  DA SILVA             HORACIO VICENTE DE ALMEIDA              00000000000 7980000000000                                                       000032
1AAA            AAB                            172041630      20170220 N B0811    00000000000002            0100000041633108170000000066901         KS240817000000000000000011008170000000002601000000000000000000000000001000032093697807ROGER ALBUQUERQUE  DA SILVA             HORACIO VICENTE DE ALMEIDA              00000000000 7980000000000                                                       000033
1AAA            AAB                            172041428      20170220 N B0811    00000000000002            0100000041423009170000000051901         KS230917000000000000000011009170000000002601000000000000000000000000001000032093697807ROGER ALBUQUERQUE  DA SILVA             HORACIO VICENTE DE ALMEIDA              00000000000 7980000000000                                                       000034
1AAA            AAB                            172041533      20170220 N B0911    00000000000002            0100000041533009170000000066901         KS230917000000000000000011009170000000002601000000000000000000000000001000032093697807ROGER ALBUQUERQUE  DA SILVA             HORACIO VICENTE DE ALMEIDA              00000000000 7980000000000                                                       000035
1AAA            AAB                            172041649      20170220 N B0911    00000000000002            0100000041643009170000000066901         KS230917000000000000000011009170000000002601000000000000000000000000001000032093697807ROGER ALBUQUERQUE  DA SILVA             HORACIO VICENTE DE ALMEIDA              00000000000 7980000000000                                                       000036
1AAA            AAB                            172041436      20170220 N B0911    00000000000002            0100000041433110170000000051901         KS241017000000000000000011010170000000002601000000000000000000000000001000032093697807ROGER ALBUQUERQUE  DA SILVA             HORACIO VICENTE DE ALMEIDA              00000000000 7980000000000                                                       000037
1AAA            AAB                            172041541      20170220 N B1011    00000000000002            0100000041543110170000000051901         KS241017000000000000000011010170000000002601000000000000000000000000001000032093697807ROGER ALBUQUERQUE  DA SILVA             HORACIO VICENTE DE ALMEIDA              00000000000 7980000000000                                                       000038
1AAA            AAB                            172041657      20170220 N B1011    00000000000002            0100000041653110170000000051901         KS241017000000000000000011010170000000002601000000000000000000000000001000032093697807ROGER ALBUQUERQUE  DA SILVA             HORACIO VICENTE DE ALMEIDA              00000000000 7980000000000                                                       000039
1AAA            AAB                            172041444      20170220 N B1011    00000000000002            0100000041443011170000000051901         KS231117000000000000000011011170000000002601000000000000000000000000001000032093697807ROGER ALBUQUERQUE  DA SILVA             HORACIO VICENTE DE ALMEIDA              00000000000 7980000000000                                                       000040
1AAA            AAB                            172041550      20170220 N B1111    00000000000002            0100000041553011170000000051901         KS231117000000000000000011011170000000002601000000000000000000000000001000032093697807ROGER ALBUQUERQUE  DA SILVA             HORACIO VICENTE DE ALMEIDA              00000000000 7980000000000                                                       000041
1AAA            AAB                            172041665      20170220 N B1111    00000000000002            0100000041663011170000000051901         KS231117000000000000000011011170000000002601000000000000000000000000001000032093697807ROGER ALBUQUERQUE  DA SILVA             HORACIO VICENTE DE ALMEIDA              00000000000 7980000000000                                                       000042
1AAA            AAB                            172041452      20170220 N B1111    00000000000002            0100000041453112170000000051901         KS241217000000000000000011012170000000002601000000000000000000000000001000032093697807ROGER ALBUQUERQUE  DA SILVA             HORACIO VICENTE DE ALMEIDA              00000000000 7980000000000                                                       000043
1AAA            AAB                            172041568      20170220 N B1211    00000000000002            0100000041563112170000000051901         KS241217000000000000000011012170000000002601000000000000000000000000001000032093697807ROGER ALBUQUERQUE  DA SILVA             HORACIO VICENTE DE ALMEIDA              00000000000 7980000000000                                                       000044
1AAA            AAB                            172041673      20170220 N B1211    00000000000002            0100000041673112170000000051901         KS241217000000000000000011012170000000002601000000000000000000000000001000032093697807ROGER ALBUQUERQUE  DA SILVA             HORACIO VICENTE DE ALMEIDA              00000000000 7980000000000                                                       000045
1AAA            AAB                            172041681      20170220 N B1211    00000000000002            0100000041682802170000000033318         KS210217000000000000000012002170000000000918000000000000000000000000001000079683045120KATIA GESELE SARAIVA                    ARTHUR FRANTZ                           00000000000 7982329000000                                                       000046
1AAA            AAB                            172041690      20170220 N B0211    00000000000002            0100000041693103170000000033318         KS240317000000000000000011003170000000000918000000000000000000000000001000079683045120KATIA GESELE SARAIVA                    ARTHUR FRANTZ                           00000000000 7982329000000                                                       000047
1AAA            AAB                            172041703      20170220 N B0311    00000000000002            0100000041703004170000000033318         KS230417000000000000000011004170000000000918000000000000000000000000001000079683045120KATIA GESELE SARAIVA                    ARTHUR FRANTZ                           00000000000 7982329000000                                                       000048
1AAA            AAB                            172041711      20170220 N B0411    00000000000002            0100000041713105170000000033318         KS240517000000000000000011005170000000000918000000000000000000000000001000079683045120KATIA GESELE SARAIVA                    ARTHUR FRANTZ                           00000000000 7982329000000                                                       000049
1AAA            AAB                            172041720      20170220 N B0511    00000000000002            0100000041723006170000000033318         KS230617000000000000000011006170000000000918000000000000000000000000001000079683045120KATIA GESELE SARAIVA                    ARTHUR FRANTZ                           00000000000 7982329000000                                                       000050
1AAA            AAB                            172041738      20170220 N B0611    00000000000002            0100000041733107170000000033318         KS240717000000000000000011007170000000000918000000000000000000000000001000079683045120KATIA GESELE SARAIVA                    ARTHUR FRANTZ                           00000000000 7982329000000                                                       000051
1AAA            AAB                            172041746      20170220 N B0711    00000000000002            0100000041743108170000000033318         KS240817000000000000000011008170000000000918000000000000000000000000001000079683045120KATIA GESELE SARAIVA                    ARTHUR FRANTZ                           00000000000 7982329000000                                                       000052
1AAA            AAB                            172041754      20170220 N B0811    00000000000002            0100000041753009170000000033318         KS230917000000000000000011009170000000000918000000000000000000000000001000079683045120KATIA GESELE SARAIVA                    ARTHUR FRANTZ                           00000000000 7982329000000                                                       000053
1AAA            AAB                            172041762      20170220 N B0911    00000000000002            0100000041763110170000000018318         KS241017000000000000000011010170000000000918000000000000000000000000001000079683045120KATIA GESELE SARAIVA                    ARTHUR FRANTZ                           00000000000 7982329000000                                                       000054
1AAA            AAB                            172041770      20170220 N B1011    00000000000002            0100000041773011170000000018318         KS231117000000000000000011011170000000000918000000000000000000000000001000079683045120KATIA GESELE SARAIVA                    ARTHUR FRANTZ                           00000000000 7982329000000                                                       000055
1AAA            AAB                            172041789      20170220 N B1111    00000000000002            0100000041783112170000000018318         KS241217000000000000000011012170000000000918000000000000000000000000001000079683045120KATIA GESELE SARAIVA                    ARTHUR FRANTZ                           00000000000 7982329000000                                                       000056
9174826431                                                                                                                                                                                                                                                                                                                                                                                                000057
