01REMESSA01COBRANCA       2643103361110000177                               748SICREDI        20170124        0000022                                                                                                                                                                                                                                                                                 2.00000001
1AAA            AAB                            172000012      20170124 N B0000    00000000000002            0200000000012802170000000076060         KS210217000000000000000011002170000000000306000000000000000000000000001000005252460108JEAN LUCAS BARBOSA DOS SANTOS           CAMPO GRANDE                            00000000000 7995000000000                                                       000002
1AAA            AAB                            172000020      20170124 N B0211    00000000000002            0200000000023103170000000076060         KS240317000000000000000011003170000000000306000000000000000000000000001000005252460108JEAN LUCAS BARBOSA DOS SANTOS           CAMPO GRANDE                            00000000000 7995000000000                                                       000003
1AAA            AAB                            172000039      20170124 N B0311    00000000000002            0200000000033004170000000076060         KS230417000000000000000011004170000000000306000000000000000000000000001000005252460108JEAN LUCAS BARBOSA DOS SANTOS           CAMPO GRANDE                            00000000000 7995000000000                                                       000004
1AAA            AAB                            172000047      20170124 N B0411    00000000000002            0200000000043105170000000076060         KS240517000000000000000011005170000000000306000000000000000000000000001000005252460108JEAN LUCAS BARBOSA DOS SANTOS           CAMPO GRANDE                            00000000000 7995000000000                                                       000005
1AAA            AAB                            172000055      20170124 N B0511    00000000000002            0200000000053006170000000076060         KS230617000000000000000011006170000000000306000000000000000000000000001000005252460108JEAN LUCAS BARBOSA DOS SANTOS           CAMPO GRANDE                            00000000000 7995000000000                                                       000006
1AAA            AAB                            172000063      20170124 N B0611    00000000000002            0200000000063107170000000076060         KS240717000000000000000011007170000000000306000000000000000000000000001000005252460108JEAN LUCAS BARBOSA DOS SANTOS           CAMPO GRANDE                            00000000000 7995000000000                                                       000007
1AAA            AAB                            172000071      20170124 N B0711    00000000000002            0200000000073108170000000076060         KS240817000000000000000011008170000000000306000000000000000000000000001000005252460108JEAN LUCAS BARBOSA DOS SANTOS           CAMPO GRANDE                            00000000000 7995000000000                                                       000008
1AAA            AAB                            172000080      20170124 N B0811    00000000000002            0200000000083009170000000076060         KS230917000000000000000011009170000000000306000000000000000000000000001000005252460108JEAN LUCAS BARBOSA DOS SANTOS           CAMPO GRANDE                            00000000000 7995000000000                                                       000009
1AAA            AAB                            172000098      20170124 N B0911    00000000000002            0200000000093110170000000061060         KS241017000000000000000011010170000000000306000000000000000000000000001000005252460108JEAN LUCAS BARBOSA DOS SANTOS           CAMPO GRANDE                            00000000000 7995000000000                                                       000010
1AAA            AAB                            172000101      20170124 N B1011    00000000000002            0200000000103011170000000061060         KS231117000000000000000011011170000000000306000000000000000000000000001000005252460108JEAN LUCAS BARBOSA DOS SANTOS           CAMPO GRANDE                            00000000000 7995000000000                                                       000011
1AAA            AAB                            172000110      20170124 N B1111    00000000000002            0200000000113112170000000061060         KS241217000000000000000011012170000000000306000000000000000000000000001000005252460108JEAN LUCAS BARBOSA DOS SANTOS           CAMPO GRANDE                            00000000000 7995000000000                                                       000012
1AAA            AAB                            172000349      20170124 N B1211    00000000000002            0200000000342802170000000083269         KS210217000000000000000011002170000000000335000000000000000000000000001000077511190120EDILMARA MELLO ALBA VIEIRA              CORNELIA CERSOSIMO DE SOUZA             00000000000 7982302500000                                                       000013
1AAA            AAB                            172000357      20170124 N B0211    00000000000002            0200000000353103170000000083269         KS240317000000000000000011003170000000000335000000000000000000000000001000077511190120EDILMARA MELLO ALBA VIEIRA              CORNELIA CERSOSIMO DE SOUZA             00000000000 7982302500000                                                       000014
1AAA            AAB                            172000365      20170124 N B0311    00000000000002            0200000000363004170000000083269         KS230417000000000000000011004170000000000335000000000000000000000000001000077511190120EDILMARA MELLO ALBA VIEIRA              CORNELIA CERSOSIMO DE SOUZA             00000000000 7982302500000                                                       000015
1AAA            AAB                            172000373      20170124 N B0411    00000000000002            0200000000373105170000000083269         KS240517000000000000000011005170000000000335000000000000000000000000001000077511190120EDILMARA MELLO ALBA VIEIRA              CORNELIA CERSOSIMO DE SOUZA             00000000000 7982302500000                                                       000016
1AAA            AAB                            172000381      20170124 N B0511    00000000000002            0200000000383006170000000083269         KS230617000000000000000011006170000000000335000000000000000000000000001000077511190120EDILMARA MELLO ALBA VIEIRA              CORNELIA CERSOSIMO DE SOUZA             00000000000 7982302500000                                                       000017
1AAA            AAB                            172000390      20170124 N B0611    00000000000002            0200000000393107170000000083269         KS240717000000000000000011007170000000000335000000000000000000000000001000077511190120EDILMARA MELLO ALBA VIEIRA              CORNELIA CERSOSIMO DE SOUZA             00000000000 7982302500000                                                       000018
1AAA            AAB                            172000403      20170124 N B0711    00000000000002            0200000000403108170000000083269         KS240817000000000000000011008170000000000335000000000000000000000000001000077511190120EDILMARA MELLO ALBA VIEIRA              CORNELIA CERSOSIMO DE SOUZA             00000000000 7982302500000                                                       000019
1AAA            AAB                            172000411      20170124 N B0811    00000000000002            0200000000413009170000000083269         KS230917000000000000000011009170000000000335000000000000000000000000001000077511190120EDILMARA MELLO ALBA VIEIRA              CORNELIA CERSOSIMO DE SOUZA             00000000000 7982302500000                                                       000020
1AAA            AAB                            172000420      20170124 N B0911    00000000000002            0200000000423110170000000061769         KS241017000000000000000011010170000000000335000000000000000000000000001000077511190120EDILMARA MELLO ALBA VIEIRA              CORNELIA CERSOSIMO DE SOUZA             00000000000 7982302500000                                                       000021
1AAA            AAB                            172000438      20170124 N B1011    00000000000002            0200000000433011170000000061769         KS231117000000000000000011011170000000000335000000000000000000000000001000077511190120EDILMARA MELLO ALBA VIEIRA              CORNELIA CERSOSIMO DE SOUZA             00000000000 7982302500000                                                       000022
1AAA            AAB                            172000446      20170124 N B1111    00000000000002            0200000000443112170000000061769         KS241217000000000000000011012170000000000335000000000000000000000000001000077511190120EDILMARA MELLO ALBA VIEIRA              CORNELIA CERSOSIMO DE SOUZA             00000000000 7982302500000                                                       000023
1AAA            AAB                            172000233      20170124 N B1211    00000000000002            0200000000232802170000000050415         KS210217000000000000000011002170000000000306000000000000000000000000001000003432145802ANA CRISTINA FIGUEIRO BELLATO           IGUASSU                                 00000000000 7982315000000                                                       000024
1AAA            AAB                            172000241      20170124 N B0211    00000000000002            0200000000243103170000000050415         KS240317000000000000000011003170000000000306000000000000000000000000001000003432145802ANA CRISTINA FIGUEIRO BELLATO           IGUASSU                                 00000000000 7982315000000                                                       000025
1AAA            AAB                            172000250      20170124 N B0311    00000000000002            0200000000253004170000000050415         KS230417000000000000000011004170000000000306000000000000000000000000001000003432145802ANA CRISTINA FIGUEIRO BELLATO           IGUASSU                                 00000000000 7982315000000                                                       000026
1AAA            AAB                            172000268      20170124 N B0411    00000000000002            0200000000263105170000000050415         KS240517000000000000000011005170000000000306000000000000000000000000001000003432145802ANA CRISTINA FIGUEIRO BELLATO           IGUASSU                                 00000000000 7982315000000                                                       000027
1AAA            AAB                            172000276      20170124 N B0511    00000000000002            0200000000273006170000000050415         KS230617000000000000000011006170000000000306000000000000000000000000001000003432145802ANA CRISTINA FIGUEIRO BELLATO           IGUASSU                                 00000000000 7982315000000                                                       000028
1AAA            AAB                            172000284      20170124 N B0611    00000000000002            0200000000283107170000000050415         KS240717000000000000000011007170000000000306000000000000000000000000001000003432145802ANA CRISTINA FIGUEIRO BELLATO           IGUASSU                                 00000000000 7982315000000                                                       000029
1AAA            AAB                            172000292      20170124 N B0711    00000000000002            0200000000293108170000000050415         KS240817000000000000000011008170000000000306000000000000000000000000001000003432145802ANA CRISTINA FIGUEIRO BELLATO           IGUASSU                                 00000000000 7982315000000                                                       000030
1AAA            AAB                            172000306      20170124 N B0811    00000000000002            0200000000303009170000000035415         KS230917000000000000000011009170000000000306000000000000000000000000001000003432145802ANA CRISTINA FIGUEIRO BELLATO           IGUASSU                                 00000000000 7982315000000                                                       000031
1AAA            AAB                            172000314      20170124 N B0911    00000000000002            0200000000313110170000000035415         KS241017000000000000000011010170000000000306000000000000000000000000001000003432145802ANA CRISTINA FIGUEIRO BELLATO           IGUASSU                                 00000000000 7982315000000                                                       000032
1AAA            AAB                            172000322      20170124 N B1011    00000000000002            0200000000323011170000000035415         KS231117000000000000000011011170000000000306000000000000000000000000001000003432145802ANA CRISTINA FIGUEIRO BELLATO           IGUASSU                                 00000000000 7982315000000                                                       000033
1AAA            AAB                            172000330      20170124 N B1111    00000000000002            0200000000333112170000000035415         KS241217000000000000000011012170000000000306000000000000000000000000001000003432145802ANA CRISTINA FIGUEIRO BELLATO           IGUASSU                                 00000000000 7982315000000                                                       000034
1AAA            AAB                            172000128      20170124 N B1211    00000000000002            0200000000122802170000000066596         KS210217000000000000000011002170000000000306000000000000000000000000001000038559919104AFONSO FREITAS CENTURION                ANDRE GOMES BRANDAO                     00000000000 7981015000000                                                       000035
1AAA            AAB                            172000136      20170124 N B0211    00000000000002            0200000000133103170000000066596         KS240317000000000000000011003170000000000306000000000000000000000000001000038559919104AFONSO FREITAS CENTURION                ANDRE GOMES BRANDAO                     00000000000 7981015000000                                                       000036
1AAA            AAB                            172000144      20170124 N B0311    00000000000002            0200000000143004170000000066596         KS230417000000000000000011004170000000000306000000000000000000000000001000038559919104AFONSO FREITAS CENTURION                ANDRE GOMES BRANDAO                     00000000000 7981015000000                                                       000037
1AAA            AAB                            172000152      20170124 N B0411    00000000000002            0200000000153105170000000066596         KS240517000000000000000011005170000000000306000000000000000000000000001000038559919104AFONSO FREITAS CENTURION                ANDRE GOMES BRANDAO                     00000000000 7981015000000                                                       000038
1AAA            AAB                            172000160      20170124 N B0511    00000000000002            0200000000163006170000000066596         KS230617000000000000000011006170000000000306000000000000000000000000001000038559919104AFONSO FREITAS CENTURION                ANDRE GOMES BRANDAO                     00000000000 7981015000000                                                       000039
1AAA            AAB                            172000179      20170124 N B0611    00000000000002            0200000000173107170000000066596         KS240717000000000000000011007170000000000306000000000000000000000000001000038559919104AFONSO FREITAS CENTURION                ANDRE GOMES BRANDAO                     00000000000 7981015000000                                                       000040
1AAA            AAB                            172000187      20170124 N B0711    00000000000002            0200000000183108170000000066596         KS240817000000000000000011008170000000000306000000000000000000000000001000038559919104AFONSO FREITAS CENTURION                ANDRE GOMES BRANDAO                     00000000000 7981015000000                                                       000041
1AAA            AAB                            172000195      20170124 N B0811    00000000000002            0200000000193009170000000066596         KS230917000000000000000011009170000000000306000000000000000000000000001000038559919104AFONSO FREITAS CENTURION                ANDRE GOMES BRANDAO                     00000000000 7981015000000                                                       000042
1AAA            AAB                            172000209      20170124 N B0911    00000000000002            0200000000203110170000000051596         KS241017000000000000000011010170000000000306000000000000000000000000001000038559919104AFONSO FREITAS CENTURION                ANDRE GOMES BRANDAO                     00000000000 7981015000000                                                       000043
1AAA            AAB                            172000217      20170124 N B1011    00000000000002            0200000000213011170000000051596         KS231117000000000000000011011170000000000306000000000000000000000000001000038559919104AFONSO FREITAS CENTURION                ANDRE GOMES BRANDAO                     00000000000 7981015000000                                                       000044
1AAA            AAB                            172000225      20170124 N B1111    00000000000002            0200000000223112170000000051596         KS241217000000000000000011012170000000000306000000000000000000000000001000038559919104AFONSO FREITAS CENTURION                ANDRE GOMES BRANDAO                     00000000000 7981015000000                                                       000045
9174826431                                                                                                                                                                                                                                                                                                                                                                                                000046
