01REMESSA01COBRANCA       2643103361110000177                               748SICREDI        20170322        0000054                                                                                                                                                                                                                                                                                 2.00000001
1AAA            AAB                            172316214      20170322 N B0000    00000000000002            0100000316213004170000000085268         KS230417000000000000000011004170000000004268000000000000000000000000001000040386198187CLAIR MORON DOS SANTOS MUNHOZ           AQUIDAUANA                              00000000000 7980607000000                                                       000002
1AAA            AAB                            172316222      20170322 N B0410    00000000000002            0100000316223105170000000085268         KS240517000000000000000011005170000000004268000000000000000000000000001000040386198187CLAIR MORON DOS SANTOS MUNHOZ           AQUIDAUANA                              00000000000 7980607000000                                                       000003
1AAA            AAB                            172316230      20170322 N B0510    00000000000002            0100000316233006170000000085268         KS230617000000000000000011006170000000004268000000000000000000000000001000040386198187CLAIR MORON DOS SANTOS MUNHOZ           AQUIDAUANA                              00000000000 7980607000000                                                       000004
1AAA            AAB                            172316249      20170322 N B0610    00000000000002            0100000316243107170000000085268         KS240717000000000000000011007170000000004268000000000000000000000000001000040386198187CLAIR MORON DOS SANTOS MUNHOZ           AQUIDAUANA                              00000000000 7980607000000                                                       000005
1AAA            AAB                            172316257      20170322 N B0710    00000000000002            0100000316253108170000000085268         KS240817000000000000000011008170000000004268000000000000000000000000001000040386198187CLAIR MORON DOS SANTOS MUNHOZ           AQUIDAUANA                              00000000000 7980607000000                                                       000006
1AAA            AAB                            172316265      20170322 N B0810    00000000000002            0100000316263009170000000085268         KS230917000000000000000011009170000000004268000000000000000000000000001000040386198187CLAIR MORON DOS SANTOS MUNHOZ           AQUIDAUANA                              00000000000 7980607000000                                                       000007
1AAA            AAB                            172316273      20170322 N B0910    00000000000002            0100000316273110170000000085268         KS241017000000000000000011010170000000004268000000000000000000000000001000040386198187CLAIR MORON DOS SANTOS MUNHOZ           AQUIDAUANA                              00000000000 7980607000000                                                       000008
1AAA            AAB                            172315986      20170322 N B1010    00000000000002            0100000315983103170000000104583         KS240317000000000000000011003170000000003983000000000000000000000000001000005841681109AMANDA VANESSA MILIORINI                MARTIN EBERHART                         00000000000 7982345000000                                                       000009
1AAA            AAB                            172315994      20170322 N B0310    00000000000002            0100000315993004170000000104583         KS230417000000000000000011004170000000003983000000000000000000000000001000005841681109AMANDA VANESSA MILIORINI                MARTIN EBERHART                         00000000000 7982345000000                                                       000010
1AAA            AAB                            172316001      20170322 N B0410    00000000000002            0100000316003105170000000104583         KS240517000000000000000011005170000000003983000000000000000000000000001000005841681109AMANDA VANESSA MILIORINI                MARTIN EBERHART                         00000000000 7982345000000                                                       000011
1AAA            AAB                            172316010      20170322 N B0510    00000000000002            0100000316013006170000000104583         KS230617000000000000000011006170000000003983000000000000000000000000001000005841681109AMANDA VANESSA MILIORINI                MARTIN EBERHART                         00000000000 7982345000000                                                       000012
1AAA            AAB                            172316028      20170322 N B0610    00000000000002            0100000316023107170000000104583         KS240717000000000000000011007170000000003983000000000000000000000000001000005841681109AMANDA VANESSA MILIORINI                MARTIN EBERHART                         00000000000 7982345000000                                                       000013
1AAA            AAB                            172316036      20170322 N B0710    00000000000002            0100000316033108170000000104583         KS240817000000000000000011008170000000003983000000000000000000000000001000005841681109AMANDA VANESSA MILIORINI                MARTIN EBERHART                         00000000000 7982345000000                                                       000014
1AAA            AAB                            172316044      20170322 N B0810    00000000000002            0100000316043009170000000104583         KS230917000000000000000011009170000000003983000000000000000000000000001000005841681109AMANDA VANESSA MILIORINI                MARTIN EBERHART                         00000000000 7982345000000                                                       000015
1AAA            AAB                            172316052      20170322 N B0910    00000000000002            0100000316053110170000000104583         KS241017000000000000000011010170000000003983000000000000000000000000001000005841681109AMANDA VANESSA MILIORINI                MARTIN EBERHART                         00000000000 7982345000000                                                       000016
1AAA            AAB                            172316060      20170322 N B1010    00000000000002            0100000316063011170000000104583         KS231117000000000000000011011170000000003983000000000000000000000000001000005841681109AMANDA VANESSA MILIORINI                MARTIN EBERHART                         00000000000 7982345000000                                                       000017
1AAA            AAB                            172316079      20170322 N B1110    00000000000002            0100000316073112170000000104583         KS241217000000000000000011012170000000003983000000000000000000000000001000005841681109AMANDA VANESSA MILIORINI                MARTIN EBERHART                         00000000000 7982345000000                                                       000018
1AAA            AAB                            172316087      20170322 N B1210    00000000000002            0100000316083103170000000127321         KS240317000000000000000011003170000000005121000000000000000000000000001000033726884149FLAVIA ROSA DOS SANTOS DA SILVA         JOAO ROSA GOES                          00000000000 7980402000000                                                       000019
1AAA            AAB                            172316095      20170322 N B0310    00000000000002            0100000316093004170000000127321         KS230417000000000000000011004170000000005121000000000000000000000000001000033726884149FLAVIA ROSA DOS SANTOS DA SILVA         JOAO ROSA GOES                          00000000000 7980402000000                                                       000020
1AAA            AAB                            172316109      20170322 N B0410    00000000000002            0100000316103105170000000127321         KS240517000000000000000011005170000000005121000000000000000000000000001000033726884149FLAVIA ROSA DOS SANTOS DA SILVA         JOAO ROSA GOES                          00000000000 7980402000000                                                       000021
1AAA            AAB                            172316117      20170322 N B0510    00000000000002            0100000316113006170000000127321         KS230617000000000000000011006170000000005121000000000000000000000000001000033726884149FLAVIA ROSA DOS SANTOS DA SILVA         JOAO ROSA GOES                          00000000000 7980402000000                                                       000022
1AAA            AAB                            172316125      20170322 N B0610    00000000000002            0100000316123107170000000127321         KS240717000000000000000011007170000000005121000000000000000000000000001000033726884149FLAVIA ROSA DOS SANTOS DA SILVA         JOAO ROSA GOES                          00000000000 7980402000000                                                       000023
1AAA            AAB                            172316133      20170322 N B0710    00000000000002            0100000316133108170000000127321         KS240817000000000000000011008170000000005121000000000000000000000000001000033726884149FLAVIA ROSA DOS SANTOS DA SILVA         JOAO ROSA GOES                          00000000000 7980402000000                                                       000024
1AAA            AAB                            172316141      20170322 N B0810    00000000000002            0100000316143009170000000127321         KS230917000000000000000011009170000000005121000000000000000000000000001000033726884149FLAVIA ROSA DOS SANTOS DA SILVA         JOAO ROSA GOES                          00000000000 7980402000000                                                       000025
1AAA            AAB                            172316150      20170322 N B0910    00000000000002            0100000316153110170000000127321         KS241017000000000000000011010170000000005121000000000000000000000000001000033726884149FLAVIA ROSA DOS SANTOS DA SILVA         JOAO ROSA GOES                          00000000000 7980402000000                                                       000026
1AAA            AAB                            172316168      20170322 N B1010    00000000000002            0100000316163011170000000127321         KS231117000000000000000011011170000000005121000000000000000000000000001000033726884149FLAVIA ROSA DOS SANTOS DA SILVA         JOAO ROSA GOES                          00000000000 7980402000000                                                       000027
1AAA            AAB                            172316176      20170322 N B1110    00000000000002            0100000316173112170000000127321         KS241217000000000000000011012170000000005121000000000000000000000000001000033726884149FLAVIA ROSA DOS SANTOS DA SILVA         JOAO ROSA GOES                          00000000000 7980402000000                                                       000028
9174826431                                                                                                                                                                                                                                                                                                                                                                                                000029
