01REMESSA01COBRANCA       2643103361110000177                               748SICREDI        20170126        0000028                                                                                                                                                                                                                                                                                 2.00000001
1AAA            AAB                            172000454      20170126 N B0000    00000000000002            0200000000452802170000000076060         KS210217000000000000000011002170000000003060000000000000000000000000001000005252460108JEAN LUCAS BARBOSA DOS SANTOS           CAMPO GRANDE                            00000000000 7995000000000                                                       000002
1AAA            AAB                            172000462      20170126 N B0211    00000000000002            0200000000463103170000000076060         KS240317000000000000000011003170000000003060000000000000000000000000001000005252460108JEAN LUCAS BARBOSA DOS SANTOS           CAMPO GRANDE                            00000000000 7995000000000                                                       000003
1AAA            AAB                            172000470      20170126 N B0311    00000000000002            0200000000473004170000000076060         KS230417000000000000000011004170000000003060000000000000000000000000001000005252460108JEAN LUCAS BARBOSA DOS SANTOS           CAMPO GRANDE                            00000000000 7995000000000                                                       000004
1AAA            AAB                            172000489      20170126 N B0411    00000000000002            0200000000483105170000000076060         KS240517000000000000000011005170000000003060000000000000000000000000001000005252460108JEAN LUCAS BARBOSA DOS SANTOS           CAMPO GRANDE                            00000000000 7995000000000                                                       000005
1AAA            AAB                            172000497      20170126 N B0511    00000000000002            0200000000493006170000000076060         KS230617000000000000000011006170000000003060000000000000000000000000001000005252460108JEAN LUCAS BARBOSA DOS SANTOS           CAMPO GRANDE                            00000000000 7995000000000                                                       000006
1AAA            AAB                            172000500      20170126 N B0611    00000000000002            0200000000503107170000000076060         KS240717000000000000000011007170000000003060000000000000000000000000001000005252460108JEAN LUCAS BARBOSA DOS SANTOS           CAMPO GRANDE                            00000000000 7995000000000                                                       000007
1AAA            AAB                            172000519      20170126 N B0711    00000000000002            0200000000513108170000000076060         KS240817000000000000000011008170000000003060000000000000000000000000001000005252460108JEAN LUCAS BARBOSA DOS SANTOS           CAMPO GRANDE                            00000000000 7995000000000                                                       000008
1AAA            AAB                            172000527      20170126 N B0811    00000000000002            0200000000523009170000000076060         KS230917000000000000000011009170000000003060000000000000000000000000001000005252460108JEAN LUCAS BARBOSA DOS SANTOS           CAMPO GRANDE                            00000000000 7995000000000                                                       000009
1AAA            AAB                            172000535      20170126 N B0911    00000000000002            0200000000533110170000000061060         KS241017000000000000000011010170000000003060000000000000000000000000001000005252460108JEAN LUCAS BARBOSA DOS SANTOS           CAMPO GRANDE                            00000000000 7995000000000                                                       000010
1AAA            AAB                            172000543      20170126 N B1011    00000000000002            0200000000543011170000000061060         KS231117000000000000000011011170000000003060000000000000000000000000001000005252460108JEAN LUCAS BARBOSA DOS SANTOS           CAMPO GRANDE                            00000000000 7995000000000                                                       000011
1AAA            AAB                            172000551      20170126 N B1111    00000000000002            0200000000553112170000000061060         KS241217000000000000000011012170000000003060000000000000000000000000001000005252460108JEAN LUCAS BARBOSA DOS SANTOS           CAMPO GRANDE                            00000000000 7995000000000                                                       000012
1AAA            AAB                            172000560      20170126 N B1211    00000000000002            0200000000562802170000000050415         KS210217000000000000000011002170000000001775000000000000000000000000001000003432145802ANA CRISTINA FIGUEIRO BELLATO           IGUASSU                                 00000000000 7982315000000                                                       000013
1AAA            AAB                            172000578      20170126 N B0211    00000000000002            0200000000573103170000000050415         KS240317000000000000000011003170000000001775000000000000000000000000001000003432145802ANA CRISTINA FIGUEIRO BELLATO           IGUASSU                                 00000000000 7982315000000                                                       000014
1AAA            AAB                            172000586      20170126 N B0311    00000000000002            0200000000583004170000000050415         KS230417000000000000000011004170000000001775000000000000000000000000001000003432145802ANA CRISTINA FIGUEIRO BELLATO           IGUASSU                                 00000000000 7982315000000                                                       000015
1AAA            AAB                            172000594      20170126 N B0411    00000000000002            0200000000593105170000000050415         KS240517000000000000000011005170000000001775000000000000000000000000001000003432145802ANA CRISTINA FIGUEIRO BELLATO           IGUASSU                                 00000000000 7982315000000                                                       000016
1AAA            AAB                            172000608      20170126 N B0511    00000000000002            0200000000603006170000000050415         KS230617000000000000000011006170000000001775000000000000000000000000001000003432145802ANA CRISTINA FIGUEIRO BELLATO           IGUASSU                                 00000000000 7982315000000                                                       000017
1AAA            AAB                            172000616      20170126 N B0611    00000000000002            0200000000613107170000000050415         KS240717000000000000000011007170000000001775000000000000000000000000001000003432145802ANA CRISTINA FIGUEIRO BELLATO           IGUASSU                                 00000000000 7982315000000                                                       000018
1AAA            AAB                            172000624      20170126 N B0711    00000000000002            0200000000623108170000000050415         KS240817000000000000000011008170000000001775000000000000000000000000001000003432145802ANA CRISTINA FIGUEIRO BELLATO           IGUASSU                                 00000000000 7982315000000                                                       000019
1AAA            AAB                            172000632      20170126 N B0811    00000000000002            0200000000633009170000000035415         KS230917000000000000000011009170000000001775000000000000000000000000001000003432145802ANA CRISTINA FIGUEIRO BELLATO           IGUASSU                                 00000000000 7982315000000                                                       000020
1AAA            AAB                            172000640      20170126 N B0911    00000000000002            0200000000643110170000000035415         KS241017000000000000000011010170000000001775000000000000000000000000001000003432145802ANA CRISTINA FIGUEIRO BELLATO           IGUASSU                                 00000000000 7982315000000                                                       000021
1AAA            AAB                            172000659      20170126 N B1011    00000000000002            0200000000653011170000000035415         KS231117000000000000000011011170000000001775000000000000000000000000001000003432145802ANA CRISTINA FIGUEIRO BELLATO           IGUASSU                                 00000000000 7982315000000                                                       000022
1AAA            AAB                            172000667      20170126 N B1111    00000000000002            0200000000663112170000000035415         KS241217000000000000000011012170000000001775000000000000000000000000001000003432145802ANA CRISTINA FIGUEIRO BELLATO           IGUASSU                                 00000000000 7982315000000                                                       000023
9174826431                                                                                                                                                                                                                                                                                                                                                                                                000024
