01REMESSA01COBRANCA       2643103361110000177                               748SICREDI        20170213        0000033                                                                                                                                                                                                                                                                                 2.00000001
1AAA            AAB                            172039920      20170213 N B0000    00000000000002            0100000039922802170000000054689         KS210217000000000000000012002170000000001989000000000000000000000000001000050627996191GLAUCE CRISTINA FERREIRA DOS REIS PAVAO BALBINA DE MATOS                        00000000000 7982009000000                                                       000002
1AAA            AAB                            172039938      20170213 N B0211    00000000000002            0100000039933103170000000054689         KS240317000000000000000011003170000000001989000000000000000000000000001000050627996191GLAUCE CRISTINA FERREIRA DOS REIS PAVAO BALBINA DE MATOS                        00000000000 7982009000000                                                       000003
1AAA            AAB                            172039946      20170213 N B0311    00000000000002            0100000039943004170000000054689         KS230417000000000000000011004170000000001989000000000000000000000000001000050627996191GLAUCE CRISTINA FERREIRA DOS REIS PAVAO BALBINA DE MATOS                        00000000000 7982009000000                                                       000004
1AAA            AAB                            172039954      20170213 N B0411    00000000000002            0100000039953105170000000054689         KS240517000000000000000011005170000000001989000000000000000000000000001000050627996191GLAUCE CRISTINA FERREIRA DOS REIS PAVAO BALBINA DE MATOS                        00000000000 7982009000000                                                       000005
1AAA            AAB                            172039962      20170213 N B0511    00000000000002            0100000039963006170000000054689         KS230617000000000000000011006170000000001989000000000000000000000000001000050627996191GLAUCE CRISTINA FERREIRA DOS REIS PAVAO BALBINA DE MATOS                        00000000000 7982009000000                                                       000006
1AAA            AAB                            172039970      20170213 N B0611    00000000000002            0100000039973107170000000054689         KS240717000000000000000011007170000000001989000000000000000000000000001000050627996191GLAUCE CRISTINA FERREIRA DOS REIS PAVAO BALBINA DE MATOS                        00000000000 7982009000000                                                       000007
1AAA            AAB                            172039989      20170213 N B0711    00000000000002            0100000039983108170000000054689         KS240817000000000000000011008170000000001989000000000000000000000000001000050627996191GLAUCE CRISTINA FERREIRA DOS REIS PAVAO BALBINA DE MATOS                        00000000000 7982009000000                                                       000008
1AAA            AAB                            172039997      20170213 N B0811    00000000000002            0100000039993009170000000054689         KS230917000000000000000011009170000000001989000000000000000000000000001000050627996191GLAUCE CRISTINA FERREIRA DOS REIS PAVAO BALBINA DE MATOS                        00000000000 7982009000000                                                       000009
1AAA            AAB                            172040006      20170213 N B0911    00000000000002            0100000040003110170000000039689         KS241017000000000000000011010170000000001989000000000000000000000000001000050627996191GLAUCE CRISTINA FERREIRA DOS REIS PAVAO BALBINA DE MATOS                        00000000000 7982009000000                                                       000010
1AAA            AAB                            172040014      20170213 N B1011    00000000000002            0100000040013011170000000039689         KS231117000000000000000011011170000000001989000000000000000000000000001000050627996191GLAUCE CRISTINA FERREIRA DOS REIS PAVAO BALBINA DE MATOS                        00000000000 7982009000000                                                       000011
1AAA            AAB                            172040022      20170213 N B1111    00000000000002            0100000040023112170000000039689         KS241217000000000000000011012170000000001989000000000000000000000000001000050627996191GLAUCE CRISTINA FERREIRA DOS REIS PAVAO BALBINA DE MATOS                        00000000000 7982009000000                                                       000012
1AAA            AAB                            172040030      20170213 N B1211    00000000000002            0100000040032802170000000076060         KS210217000000000000000012002170000000003060000000000000000000000000001000028533097115JOAO YOSHIAKI IMAI                      JONAS FERREIRA DE ARAUJO                00000000000 0797900000000                                                       000013
1AAA            AAB                            172040049      20170213 N B0211    00000000000002            0100000040043103170000000076060         KS240317000000000000000011003170000000003060000000000000000000000000001000028533097115JOAO YOSHIAKI IMAI                      JONAS FERREIRA DE ARAUJO                00000000000 0797900000000                                                       000014
1AAA            AAB                            172040057      20170213 N B0311    00000000000002            0100000040053004170000000076060         KS230417000000000000000011004170000000003060000000000000000000000000001000028533097115JOAO YOSHIAKI IMAI                      JONAS FERREIRA DE ARAUJO                00000000000 0797900000000                                                       000015
1AAA            AAB                            172040065      20170213 N B0411    00000000000002            0100000040063105170000000076060         KS240517000000000000000011005170000000003060000000000000000000000000001000028533097115JOAO YOSHIAKI IMAI                      JONAS FERREIRA DE ARAUJO                00000000000 0797900000000                                                       000016
1AAA            AAB                            172040073      20170213 N B0511    00000000000002            0100000040073006170000000076060         KS230617000000000000000011006170000000003060000000000000000000000000001000028533097115JOAO YOSHIAKI IMAI                      JONAS FERREIRA DE ARAUJO                00000000000 0797900000000                                                       000017
1AAA            AAB                            172040081      20170213 N B0611    00000000000002            0100000040083107170000000076060         KS240717000000000000000011007170000000003060000000000000000000000000001000028533097115JOAO YOSHIAKI IMAI                      JONAS FERREIRA DE ARAUJO                00000000000 0797900000000                                                       000018
1AAA            AAB                            172040090      20170213 N B0711    00000000000002            0100000040093108170000000076060         KS240817000000000000000011008170000000003060000000000000000000000000001000028533097115JOAO YOSHIAKI IMAI                      JONAS FERREIRA DE ARAUJO                00000000000 0797900000000                                                       000019
1AAA            AAB                            172040103      20170213 N B0811    00000000000002            0100000040103009170000000076060         KS230917000000000000000011009170000000003060000000000000000000000000001000028533097115JOAO YOSHIAKI IMAI                      JONAS FERREIRA DE ARAUJO                00000000000 0797900000000                                                       000020
1AAA            AAB                            172040111      20170213 N B0911    00000000000002            0100000040113110170000000061060         KS241017000000000000000011010170000000003060000000000000000000000000001000028533097115JOAO YOSHIAKI IMAI                      JONAS FERREIRA DE ARAUJO                00000000000 0797900000000                                                       000021
1AAA            AAB                            172040120      20170213 N B1011    00000000000002            0100000040123011170000000061060         KS231117000000000000000011011170000000003060000000000000000000000000001000028533097115JOAO YOSHIAKI IMAI                      JONAS FERREIRA DE ARAUJO                00000000000 0797900000000                                                       000022
1AAA            AAB                            172040138      20170213 N B1111    00000000000002            0100000040133112170000000061060         KS241217000000000000000011012170000000003060000000000000000000000000001000028533097115JOAO YOSHIAKI IMAI                      JONAS FERREIRA DE ARAUJO                00000000000 0797900000000                                                       000023
9174826431                                                                                                                                                                                                                                                                                                                                                                                                000024
