01REMESSA01COBRANCA       2643103361110000177                               748SICREDI        20170214        0000039                                                                                                                                                                                                                                                                                 2.00000001
1AAA            AAB                            172313487      20170214 N B0000    00000000000002            0100000313483101170000000093214         KS240117000000000000000011001170000000003414000000000000000000000000001000072348585120FABRICIO KENJI MURAKAMI                 EULALIA PIRES                           00000000000 7982302000000                                                       000002
1AAA            AAB                            172313495      20170214 N B0110    00000000000002            0100000313492802170000000093214         KS210217000000000000000012002170000000003414000000000000000000000000001000072348585120FABRICIO KENJI MURAKAMI                 EULALIA PIRES                           00000000000 7982302000000                                                       000003
1AAA            AAB                            172313509      20170214 N B0210    00000000000002            0100000313503103170000000093214         KS240317000000000000000011003170000000003414000000000000000000000000001000072348585120FABRICIO KENJI MURAKAMI                 EULALIA PIRES                           00000000000 7982302000000                                                       000004
1AAA            AAB                            172313517      20170214 N B0310    00000000000002            0100000313513004170000000093214         KS230417000000000000000011004170000000003414000000000000000000000000001000072348585120FABRICIO KENJI MURAKAMI                 EULALIA PIRES                           00000000000 7982302000000                                                       000005
1AAA            AAB                            172313525      20170214 N B0410    00000000000002            0100000313523105170000000093214         KS240517000000000000000011005170000000003414000000000000000000000000001000072348585120FABRICIO KENJI MURAKAMI                 EULALIA PIRES                           00000000000 7982302000000                                                       000006
1AAA            AAB                            172313533      20170214 N B0510    00000000000002            0100000313533006170000000093214         KS230617000000000000000011006170000000003414000000000000000000000000001000072348585120FABRICIO KENJI MURAKAMI                 EULALIA PIRES                           00000000000 7982302000000                                                       000007
1AAA            AAB                            172313541      20170214 N B0610    00000000000002            0100000313543107170000000093214         KS240717000000000000000011007170000000003414000000000000000000000000001000072348585120FABRICIO KENJI MURAKAMI                 EULALIA PIRES                           00000000000 7982302000000                                                       000008
1AAA            AAB                            172313550      20170214 N B0710    00000000000002            0100000313553108170000000093214         KS240817000000000000000011008170000000003414000000000000000000000000001000072348585120FABRICIO KENJI MURAKAMI                 EULALIA PIRES                           00000000000 7982302000000                                                       000009
1AAA            AAB                            172313568      20170214 N B0810    00000000000002            0100000313563009170000000093214         KS230917000000000000000011009170000000003414000000000000000000000000001000072348585120FABRICIO KENJI MURAKAMI                 EULALIA PIRES                           00000000000 7982302000000                                                       000010
1AAA            AAB                            172313576      20170214 N B0910    00000000000002            0100000313573110170000000093214         KS241017000000000000000011010170000000003414000000000000000000000000001000072348585120FABRICIO KENJI MURAKAMI                 EULALIA PIRES                           00000000000 7982302000000                                                       000011
9174826431                                                                                                                                                                                                                                                                                                                                                                                                000012
