01REMESSA01COBRANCA       2643103361110000177                               748SICREDI        20170220        0000047                                                                                                                                                                                                                                                                                 2.00000001
1AAA            AAB                            172315080      20170220 N B0000    00000000000002            0100000315082802170000000104583         KS210217000000000000000012002170000000003983000000000000000000000000001000089869669120ANGELA CRISTINA DECIAN DE PELLEGRIN     JOSUE VITORINO DA SILVA                 00000000000 7988097000000                                                       000002
1AAA            AAB                            172315099      20170220 N B0210    00000000000002            0100000315093103170000000104583         KS240317000000000000000011003170000000003983000000000000000000000000001000089869669120ANGELA CRISTINA DECIAN DE PELLEGRIN     JOSUE VITORINO DA SILVA                 00000000000 7988097000000                                                       000003
1AAA            AAB                            172315102      20170220 N B0310    00000000000002            0100000315103004170000000104583         KS230417000000000000000011004170000000003983000000000000000000000000001000089869669120ANGELA CRISTINA DECIAN DE PELLEGRIN     JOSUE VITORINO DA SILVA                 00000000000 7988097000000                                                       000004
1AAA            AAB                            172315110      20170220 N B0410    00000000000002            0100000315113105170000000079583         KS240517000000000000000011005170000000003983000000000000000000000000001000089869669120ANGELA CRISTINA DECIAN DE PELLEGRIN     JOSUE VITORINO DA SILVA                 00000000000 7988097000000                                                       000005
1AAA            AAB                            172315129      20170220 N B0510    00000000000002            0100000315123006170000000079583         KS230617000000000000000011006170000000003983000000000000000000000000001000089869669120ANGELA CRISTINA DECIAN DE PELLEGRIN     JOSUE VITORINO DA SILVA                 00000000000 7988097000000                                                       000006
1AAA            AAB                            172315137      20170220 N B0610    00000000000002            0100000315133107170000000079583         KS240717000000000000000011007170000000003983000000000000000000000000001000089869669120ANGELA CRISTINA DECIAN DE PELLEGRIN     JOSUE VITORINO DA SILVA                 00000000000 7988097000000                                                       000007
1AAA            AAB                            172315145      20170220 N B0710    00000000000002            0100000315143108170000000079583         KS240817000000000000000011008170000000003983000000000000000000000000001000089869669120ANGELA CRISTINA DECIAN DE PELLEGRIN     JOSUE VITORINO DA SILVA                 00000000000 7988097000000                                                       000008
1AAA            AAB                            172315153      20170220 N B0810    00000000000002            0100000315153009170000000079583         KS230917000000000000000011009170000000003983000000000000000000000000001000089869669120ANGELA CRISTINA DECIAN DE PELLEGRIN     JOSUE VITORINO DA SILVA                 00000000000 7988097000000                                                       000009
1AAA            AAB                            172315161      20170220 N B0910    00000000000002            0100000315163110170000000079583         KS241017000000000000000011010170000000003983000000000000000000000000001000089869669120ANGELA CRISTINA DECIAN DE PELLEGRIN     JOSUE VITORINO DA SILVA                 00000000000 7988097000000                                                       000010
1AAA            AAB                            172315170      20170220 N B1010    00000000000002            0100000315173011170000000079583         KS231117000000000000000011011170000000003983000000000000000000000000001000089869669120ANGELA CRISTINA DECIAN DE PELLEGRIN     JOSUE VITORINO DA SILVA                 00000000000 7988097000000                                                       000011
1AAA            AAB                            172314785      20170220 N B1110    00000000000002            0100000314782802170000000104583         KS210217000000000000000012002170000000003983000000000000000000000000001000001555181198LUZIENE RAMOS                           ANTONIO ALVES ROCHA                     00000000000 7982363000000                                                       000012
1AAA            AAB                            172314793      20170220 N B0210    00000000000002            0100000314793103170000000104583         KS240317000000000000000011003170000000003983000000000000000000000000001000001555181198LUZIENE RAMOS                           ANTONIO ALVES ROCHA                     00000000000 7982363000000                                                       000013
1AAA            AAB                            172314807      20170220 N B0310    00000000000002            0100000314803004170000000104583         KS230417000000000000000011004170000000003983000000000000000000000000001000001555181198LUZIENE RAMOS                           ANTONIO ALVES ROCHA                     00000000000 7982363000000                                                       000014
1AAA            AAB                            172314815      20170220 N B0410    00000000000002            0100000314813105170000000079583         KS240517000000000000000011005170000000003983000000000000000000000000001000001555181198LUZIENE RAMOS                           ANTONIO ALVES ROCHA                     00000000000 7982363000000                                                       000015
1AAA            AAB                            172314823      20170220 N B0510    00000000000002            0100000314823006170000000079583         KS230617000000000000000011006170000000003983000000000000000000000000001000001555181198LUZIENE RAMOS                           ANTONIO ALVES ROCHA                     00000000000 7982363000000                                                       000016
1AAA            AAB                            172314831      20170220 N B0610    00000000000002            0100000314833107170000000079583         KS240717000000000000000011007170000000003983000000000000000000000000001000001555181198LUZIENE RAMOS                           ANTONIO ALVES ROCHA                     00000000000 7982363000000                                                       000017
1AAA            AAB                            172314840      20170220 N B0710    00000000000002            0100000314843108170000000079583         KS240817000000000000000011008170000000003983000000000000000000000000001000001555181198LUZIENE RAMOS                           ANTONIO ALVES ROCHA                     00000000000 7982363000000                                                       000018
1AAA            AAB                            172314858      20170220 N B0810    00000000000002            0100000314853009170000000079583         KS230917000000000000000011009170000000003983000000000000000000000000001000001555181198LUZIENE RAMOS                           ANTONIO ALVES ROCHA                     00000000000 7982363000000                                                       000019
1AAA            AAB                            172314866      20170220 N B0910    00000000000002            0100000314863110170000000079583         KS241017000000000000000011010170000000003983000000000000000000000000001000001555181198LUZIENE RAMOS                           ANTONIO ALVES ROCHA                     00000000000 7982363000000                                                       000020
1AAA            AAB                            172314874      20170220 N B1010    00000000000002            0100000314873011170000000079583         KS231117000000000000000011011170000000003983000000000000000000000000001000001555181198LUZIENE RAMOS                           ANTONIO ALVES ROCHA                     00000000000 7982363000000                                                       000021
1AAA            AAB                            172314882      20170220 N B1110    00000000000002            0100000314882802170000000138690         KS210217000000000000000012002170000000005690000000000000000000000000001000052919374168SYNARA MARTINS GOMES MIRANDA            EDUARDO CERZOSIMO DE SOUZA              00000000000 7982335000000                                                       000022
1AAA            AAB                            172314890      20170220 N B0210    00000000000002            0100000314893103170000000138690         KS240317000000000000000011003170000000005690000000000000000000000000001000052919374168SYNARA MARTINS GOMES MIRANDA            EDUARDO CERZOSIMO DE SOUZA              00000000000 7982335000000                                                       000023
1AAA            AAB                            172314904      20170220 N B0310    00000000000002            0100000314903004170000000138690         KS230417000000000000000011004170000000005690000000000000000000000000001000052919374168SYNARA MARTINS GOMES MIRANDA            EDUARDO CERZOSIMO DE SOUZA              00000000000 7982335000000                                                       000024
1AAA            AAB                            172314912      20170220 N B0410    00000000000002            0100000314913105170000000138690         KS240517000000000000000011005170000000005690000000000000000000000000001000052919374168SYNARA MARTINS GOMES MIRANDA            EDUARDO CERZOSIMO DE SOUZA              00000000000 7982335000000                                                       000025
1AAA            AAB                            172314920      20170220 N B0510    00000000000002            0100000314923006170000000138690         KS230617000000000000000011006170000000005690000000000000000000000000001000052919374168SYNARA MARTINS GOMES MIRANDA            EDUARDO CERZOSIMO DE SOUZA              00000000000 7982335000000                                                       000026
1AAA            AAB                            172314939      20170220 N B0610    00000000000002            0100000314933107170000000138690         KS240717000000000000000011007170000000005690000000000000000000000000001000052919374168SYNARA MARTINS GOMES MIRANDA            EDUARDO CERZOSIMO DE SOUZA              00000000000 7982335000000                                                       000027
1AAA            AAB                            172314947      20170220 N B0710    00000000000002            0100000314943108170000000138690         KS240817000000000000000011008170000000005690000000000000000000000000001000052919374168SYNARA MARTINS GOMES MIRANDA            EDUARDO CERZOSIMO DE SOUZA              00000000000 7982335000000                                                       000028
1AAA            AAB                            172314955      20170220 N B0810    00000000000002            0100000314953009170000000138690         KS230917000000000000000011009170000000005690000000000000000000000000001000052919374168SYNARA MARTINS GOMES MIRANDA            EDUARDO CERZOSIMO DE SOUZA              00000000000 7982335000000                                                       000029
1AAA            AAB                            172314963      20170220 N B0910    00000000000002            0100000314963110170000000138690         KS241017000000000000000011010170000000005690000000000000000000000000001000052919374168SYNARA MARTINS GOMES MIRANDA            EDUARDO CERZOSIMO DE SOUZA              00000000000 7982335000000                                                       000030
1AAA            AAB                            172314971      20170220 N B1010    00000000000002            0100000314973011170000000138690         KS231117000000000000000011011170000000005690000000000000000000000000001000052919374168SYNARA MARTINS GOMES MIRANDA            EDUARDO CERZOSIMO DE SOUZA              00000000000 7982335000000                                                       000031
1AAA            AAB                            172314980      20170220 N B1110    00000000000002            0100000314982802170000000110268         KS210217000000000000000012002170000000004268000000000000000000000000001000004113088900NORMA LOPES PIRIS                       EDIBERTO CELESTINO DE OLIVEIRA          00000000000 7981117000000                                                       000032
1AAA            AAB                            172314998      20170220 N B0210    00000000000002            0100000314993103170000000110268         KS240317000000000000000011003170000000004268000000000000000000000000001000004113088900NORMA LOPES PIRIS                       EDIBERTO CELESTINO DE OLIVEIRA          00000000000 7981117000000                                                       000033
1AAA            AAB                            172315005      20170220 N B0310    00000000000002            0100000315003004170000000110268         KS230417000000000000000011004170000000004268000000000000000000000000001000004113088900NORMA LOPES PIRIS                       EDIBERTO CELESTINO DE OLIVEIRA          00000000000 7981117000000                                                       000034
1AAA            AAB                            172315013      20170220 N B0410    00000000000002            0100000315013105170000000085268         KS240517000000000000000011005170000000004268000000000000000000000000001000004113088900NORMA LOPES PIRIS                       EDIBERTO CELESTINO DE OLIVEIRA          00000000000 7981117000000                                                       000035
1AAA            AAB                            172315021      20170220 N B0510    00000000000002            0100000315023006170000000085268         KS230617000000000000000011006170000000004268000000000000000000000000001000004113088900NORMA LOPES PIRIS                       EDIBERTO CELESTINO DE OLIVEIRA          00000000000 7981117000000                                                       000036
1AAA            AAB                            172315030      20170220 N B0610    00000000000002            0100000315033107170000000085268         KS240717000000000000000011007170000000004268000000000000000000000000001000004113088900NORMA LOPES PIRIS                       EDIBERTO CELESTINO DE OLIVEIRA          00000000000 7981117000000                                                       000037
1AAA            AAB                            172315048      20170220 N B0710    00000000000002            0100000315043108170000000085268         KS240817000000000000000011008170000000004268000000000000000000000000001000004113088900NORMA LOPES PIRIS                       EDIBERTO CELESTINO DE OLIVEIRA          00000000000 7981117000000                                                       000038
1AAA            AAB                            172315056      20170220 N B0810    00000000000002            0100000315053009170000000085268         KS230917000000000000000011009170000000004268000000000000000000000000001000004113088900NORMA LOPES PIRIS                       EDIBERTO CELESTINO DE OLIVEIRA          00000000000 7981117000000                                                       000039
1AAA            AAB                            172315064      20170220 N B0910    00000000000002            0100000315063110170000000085268         KS241017000000000000000011010170000000004268000000000000000000000000001000004113088900NORMA LOPES PIRIS                       EDIBERTO CELESTINO DE OLIVEIRA          00000000000 7981117000000                                                       000040
1AAA            AAB                            172315072      20170220 N B1010    00000000000002            0100000315073011170000000085268         KS231117000000000000000011011170000000004268000000000000000000000000001000004113088900NORMA LOPES PIRIS                       EDIBERTO CELESTINO DE OLIVEIRA          00000000000 7981117000000                                                       000041
1AAA            AAB                            172314688      20170220 N B1110    00000000000002            0100000314682802170000000138690         KS210217000000000000000012002170000000005690000000000000000000000000001000097180823104PAULA ANDREA BOM DESPACHO LEITE E SILVA REINALDO BIANCHI                        00000000000 7980000000000                                                       000042
1AAA            AAB                            172314696      20170220 N B0210    00000000000002            0100000314693103170000000138690         KS240317000000000000000011003170000000005690000000000000000000000000001000097180823104PAULA ANDREA BOM DESPACHO LEITE E SILVA REINALDO BIANCHI                        00000000000 7980000000000                                                       000043
1AAA            AAB                            172314700      20170220 N B0310    00000000000002            0100000314703004170000000138690         KS230417000000000000000011004170000000005690000000000000000000000000001000097180823104PAULA ANDREA BOM DESPACHO LEITE E SILVA REINALDO BIANCHI                        00000000000 7980000000000                                                       000044
1AAA            AAB                            172314718      20170220 N B0410    00000000000002            0100000314713105170000000138690         KS240517000000000000000011005170000000005690000000000000000000000000001000097180823104PAULA ANDREA BOM DESPACHO LEITE E SILVA REINALDO BIANCHI                        00000000000 7980000000000                                                       000045
1AAA            AAB                            172314726      20170220 N B0510    00000000000002            0100000314723006170000000138690         KS230617000000000000000011006170000000005690000000000000000000000000001000097180823104PAULA ANDREA BOM DESPACHO LEITE E SILVA REINALDO BIANCHI                        00000000000 7980000000000                                                       000046
1AAA            AAB                            172314734      20170220 N B0610    00000000000002            0100000314733107170000000138690         KS240717000000000000000011007170000000005690000000000000000000000000001000097180823104PAULA ANDREA BOM DESPACHO LEITE E SILVA REINALDO BIANCHI                        00000000000 7980000000000                                                       000047
1AAA            AAB                            172314742      20170220 N B0710    00000000000002            0100000314743108170000000138690         KS240817000000000000000011008170000000005690000000000000000000000000001000097180823104PAULA ANDREA BOM DESPACHO LEITE E SILVA REINALDO BIANCHI                        00000000000 7980000000000                                                       000048
1AAA            AAB                            172314750      20170220 N B0810    00000000000002            0100000314753009170000000138690         KS230917000000000000000011009170000000005690000000000000000000000000001000097180823104PAULA ANDREA BOM DESPACHO LEITE E SILVA REINALDO BIANCHI                        00000000000 7980000000000                                                       000049
1AAA            AAB                            172314769      20170220 N B0910    00000000000002            0100000314763110170000000138690         KS241017000000000000000011010170000000005690000000000000000000000000001000097180823104PAULA ANDREA BOM DESPACHO LEITE E SILVA REINALDO BIANCHI                        00000000000 7980000000000                                                       000050
1AAA            AAB                            172314777      20170220 N B1010    00000000000002            0100000314773011170000000138690         KS231117000000000000000011011170000000005690000000000000000000000000001000097180823104PAULA ANDREA BOM DESPACHO LEITE E SILVA REINALDO BIANCHI                        00000000000 7980000000000                                                       000051
9174826431                                                                                                                                                                                                                                                                                                                                                                                                000052
