01REMESSA01COBRANCA       2643103361110000177                               748SICREDI        20170515        0000058                                                                                                                                                                                                                                                                                 2.00000001
1AAA            AAB                            172043374      20170515 N B0000    00000000000002            0100000043373105170000000076060         KS240517000000000000000011005170000000003060000000000000000000000000001000003733749847VERA SONIA PARPINELLI SABURA            EDGAR XAVIER DE MATOS                   00000000000 7981441500000                                                       000002
1AAA            AAB                            172043382      20170515 N B0509    00000000000002            0100000043383006170000000076060         KS230617000000000000000011006170000000003060000000000000000000000000001000003733749847VERA SONIA PARPINELLI SABURA            EDGAR XAVIER DE MATOS                   00000000000 7981441500000                                                       000003
1AAA            AAB                            172043390      20170515 N B0609    00000000000002            0100000043393107170000000076060         KS240717000000000000000011007170000000003060000000000000000000000000001000003733749847VERA SONIA PARPINELLI SABURA            EDGAR XAVIER DE MATOS                   00000000000 7981441500000                                                       000004
1AAA            AAB                            172043404      20170515 N B0709    00000000000002            0100000043403108170000000076060         KS240817000000000000000011008170000000003060000000000000000000000000001000003733749847VERA SONIA PARPINELLI SABURA            EDGAR XAVIER DE MATOS                   00000000000 7981441500000                                                       000005
1AAA            AAB                            172043412      20170515 N B0809    00000000000002            0100000043413009170000000076060         KS230917000000000000000011009170000000003060000000000000000000000000001000003733749847VERA SONIA PARPINELLI SABURA            EDGAR XAVIER DE MATOS                   00000000000 7981441500000                                                       000006
1AAA            AAB                            172043420      20170515 N B0909    00000000000002            0100000043423110170000000076060         KS241017000000000000000011010170000000003060000000000000000000000000001000003733749847VERA SONIA PARPINELLI SABURA            EDGAR XAVIER DE MATOS                   00000000000 7981441500000                                                       000007
1AAA            AAB                            172043439      20170515 N B1009    00000000000002            0100000043433011170000000076060         KS231117000000000000000011011170000000003060000000000000000000000000001000003733749847VERA SONIA PARPINELLI SABURA            EDGAR XAVIER DE MATOS                   00000000000 7981441500000                                                       000008
1AAA            AAB                            172043447      20170515 N B1109    00000000000002            0100000043443112170000000076060         KS241217000000000000000011012170000000003060000000000000000000000000001000003733749847VERA SONIA PARPINELLI SABURA            EDGAR XAVIER DE MATOS                   00000000000 7981441500000                                                       000009
1AAA            AAB                            172043455      20170515 N B1209    00000000000002            0100000043453105170000000057742         KS240517000000000000000011005170000000002142000000000000000000000000001000055421210120LUCIENE OLIMPIA SILVA SILVEIRA          DAS MACIEIRAS                           00000000000 7983701000000                                                       000010
1AAA            AAB                            172043463      20170515 N B0508    00000000000002            0100000043463006170000000057742         KS230617000000000000000011006170000000002142000000000000000000000000001000055421210120LUCIENE OLIMPIA SILVA SILVEIRA          DAS MACIEIRAS                           00000000000 7983701000000                                                       000011
1AAA            AAB                            172043471      20170515 N B0608    00000000000002            0100000043473107170000000057742         KS240717000000000000000011007170000000002142000000000000000000000000001000055421210120LUCIENE OLIMPIA SILVA SILVEIRA          DAS MACIEIRAS                           00000000000 7983701000000                                                       000012
1AAA            AAB                            172043480      20170515 N B0708    00000000000002            0100000043483108170000000057742         KS240817000000000000000011008170000000002142000000000000000000000000001000055421210120LUCIENE OLIMPIA SILVA SILVEIRA          DAS MACIEIRAS                           00000000000 7983701000000                                                       000013
1AAA            AAB                            172043498      20170515 N B0808    00000000000002            0100000043493009170000000057742         KS230917000000000000000011009170000000002142000000000000000000000000001000055421210120LUCIENE OLIMPIA SILVA SILVEIRA          DAS MACIEIRAS                           00000000000 7983701000000                                                       000014
1AAA            AAB                            172043501      20170515 N B0908    00000000000002            0100000043503110170000000057742         KS241017000000000000000011010170000000002142000000000000000000000000001000055421210120LUCIENE OLIMPIA SILVA SILVEIRA          DAS MACIEIRAS                           00000000000 7983701000000                                                       000015
1AAA            AAB                            172043510      20170515 N B1008    00000000000002            0100000043513011170000000057742         KS231117000000000000000011011170000000002142000000000000000000000000001000055421210120LUCIENE OLIMPIA SILVA SILVEIRA          DAS MACIEIRAS                           00000000000 7983701000000                                                       000016
1AAA            AAB                            172043528      20170515 N B1108    00000000000002            0100000043523112170000000057742         KS241217000000000000000011012170000000002142000000000000000000000000001000055421210120LUCIENE OLIMPIA SILVA SILVEIRA          DAS MACIEIRAS                           00000000000 7983701000000                                                       000017
1AAA            AAB                            172043536      20170515 N B1208    00000000000002            0100000043533105170000000076060         KS240517000000000000000011005170000000003060000000000000000000000000001000099768003987LEONICE DE FATIMA OLIVEIRA              RANGEL TORRES                           00000000000 7984018000000                                                       000018
1AAA            AAB                            172043544      20170515 N B0508    00000000000002            0100000043543006170000000076060         KS230617000000000000000011006170000000003060000000000000000000000000001000099768003987LEONICE DE FATIMA OLIVEIRA              RANGEL TORRES                           00000000000 7984018000000                                                       000019
1AAA            AAB                            172043552      20170515 N B0608    00000000000002            0100000043553107170000000076060         KS240717000000000000000011007170000000003060000000000000000000000000001000099768003987LEONICE DE FATIMA OLIVEIRA              RANGEL TORRES                           00000000000 7984018000000                                                       000020
1AAA            AAB                            172043560      20170515 N B0708    00000000000002            0100000043563108170000000076060         KS240817000000000000000011008170000000003060000000000000000000000000001000099768003987LEONICE DE FATIMA OLIVEIRA              RANGEL TORRES                           00000000000 7984018000000                                                       000021
1AAA            AAB                            172043579      20170515 N B0808    00000000000002            0100000043573009170000000076060         KS230917000000000000000011009170000000003060000000000000000000000000001000099768003987LEONICE DE FATIMA OLIVEIRA              RANGEL TORRES                           00000000000 7984018000000                                                       000022
1AAA            AAB                            172043587      20170515 N B0908    00000000000002            0100000043583110170000000076060         KS241017000000000000000011010170000000003060000000000000000000000000001000099768003987LEONICE DE FATIMA OLIVEIRA              RANGEL TORRES                           00000000000 7984018000000                                                       000023
1AAA            AAB                            172043595      20170515 N B1008    00000000000002            0100000043593011170000000076060         KS231117000000000000000011011170000000003060000000000000000000000000001000099768003987LEONICE DE FATIMA OLIVEIRA              RANGEL TORRES                           00000000000 7984018000000                                                       000024
1AAA            AAB                            172043609      20170515 N B1108    00000000000002            0100000043603112170000000076060         KS241217000000000000000011012170000000003060000000000000000000000000001000099768003987LEONICE DE FATIMA OLIVEIRA              RANGEL TORRES                           00000000000 7984018000000                                                       000025
9174826431                                                                                                                                                                                                                                                                                                                                                                                                000026
