01REMESSA01COBRANCA       2643103361110000177                               748SICREDI        20170302        0000050                                                                                                                                                                                                                                                                                 2.00000001
1AAA            AAB                            172042122      20170302 N B0000    00000000000002            0100000042123103170000000076060         KS240317000000000000000011003170000000003060000000000000000000000000001000038005310110SIDINEI ROCHA DE ABREU                  GENARIO COSTA MATOS                     00000000000 7979000000000                                                       000002
1AAA            AAB                            172042130      20170302 N B0310    00000000000002            0100000042133004170000000076060         KS230417000000000000000011004170000000003060000000000000000000000000001000038005310110SIDINEI ROCHA DE ABREU                  GENARIO COSTA MATOS                     00000000000 7979000000000                                                       000003
1AAA            AAB                            172042149      20170302 N B0410    00000000000002            0100000042143105170000000076060         KS240517000000000000000011005170000000003060000000000000000000000000001000038005310110SIDINEI ROCHA DE ABREU                  GENARIO COSTA MATOS                     00000000000 7979000000000                                                       000004
1AAA            AAB                            172042157      20170302 N B0510    00000000000002            0100000042153006170000000076060         KS230617000000000000000011006170000000003060000000000000000000000000001000038005310110SIDINEI ROCHA DE ABREU                  GENARIO COSTA MATOS                     00000000000 7979000000000                                                       000005
1AAA            AAB                            172042165      20170302 N B0610    00000000000002            0100000042163107170000000076060         KS240717000000000000000011007170000000003060000000000000000000000000001000038005310110SIDINEI ROCHA DE ABREU                  GENARIO COSTA MATOS                     00000000000 7979000000000                                                       000006
1AAA            AAB                            172042173      20170302 N B0710    00000000000002            0100000042173108170000000076060         KS240817000000000000000011008170000000003060000000000000000000000000001000038005310110SIDINEI ROCHA DE ABREU                  GENARIO COSTA MATOS                     00000000000 7979000000000                                                       000007
1AAA            AAB                            172042181      20170302 N B0810    00000000000002            0100000042183009170000000076060         KS230917000000000000000011009170000000003060000000000000000000000000001000038005310110SIDINEI ROCHA DE ABREU                  GENARIO COSTA MATOS                     00000000000 7979000000000                                                       000008
1AAA            AAB                            172042190      20170302 N B0910    00000000000002            0100000042193110170000000076060         KS241017000000000000000011010170000000003060000000000000000000000000001000038005310110SIDINEI ROCHA DE ABREU                  GENARIO COSTA MATOS                     00000000000 7979000000000                                                       000009
1AAA            AAB                            172042203      20170302 N B1010    00000000000002            0100000042203011170000000061060         KS231117000000000000000011011170000000003060000000000000000000000000001000038005310110SIDINEI ROCHA DE ABREU                  GENARIO COSTA MATOS                     00000000000 7979000000000                                                       000010
1AAA            AAB                            172042211      20170302 N B1110    00000000000002            0100000042213112170000000061060         KS241217000000000000000011012170000000003060000000000000000000000000001000038005310110SIDINEI ROCHA DE ABREU                  GENARIO COSTA MATOS                     00000000000 7979000000000                                                       000011
9174826431                                                                                                                                                                                                                                                                                                                                                                                                000012
