01REMESSA01COBRANCA       2643103361110000177                               748SICREDI        20170213        0000034                                                                                                                                                                                                                                                                                 2.00000001
1AAA            AAB                            172037285      20170213AN B0000    00000000000002            3100000037282802170000000068295         KS210217000000000000000012002170000000002345000000000000000000000000001000071102469149TATIANA DE NARDO                        BENJAMIN CONSTANT                       00000000000 7982412000000                                                       000002
1AAA            AAB                            172037293      20170213AN B0211    00000000000002            3100000037293103170000000068295         KS240317000000000000000011003170000000002345000000000000000000000000001000071102469149TATIANA DE NARDO                        BENJAMIN CONSTANT                       00000000000 7982412000000                                                       000003
1AAA            AAB                            172037307      20170213AN B0311    00000000000002            3100000037303004170000000068295         KS230417000000000000000011004170000000002345000000000000000000000000001000071102469149TATIANA DE NARDO                        BENJAMIN CONSTANT                       00000000000 7982412000000                                                       000004
1AAA            AAB                            172037315      20170213AN B0411    00000000000002            3100000037313105170000000068295         KS240517000000000000000011005170000000002345000000000000000000000000001000071102469149TATIANA DE NARDO                        BENJAMIN CONSTANT                       00000000000 7982412000000                                                       000005
1AAA            AAB                            172037323      20170213AN B0511    00000000000002            3100000037323006170000000068295         KS230617000000000000000011006170000000002345000000000000000000000000001000071102469149TATIANA DE NARDO                        BENJAMIN CONSTANT                       00000000000 7982412000000                                                       000006
1AAA            AAB                            172037331      20170213AN B0611    00000000000002            3100000037333107170000000068295         KS240717000000000000000011007170000000002345000000000000000000000000001000071102469149TATIANA DE NARDO                        BENJAMIN CONSTANT                       00000000000 7982412000000                                                       000007
1AAA            AAB                            172037340      20170213AN B0711    00000000000002            3100000037343108170000000068295         KS240817000000000000000011008170000000002345000000000000000000000000001000071102469149TATIANA DE NARDO                        BENJAMIN CONSTANT                       00000000000 7982412000000                                                       000008
1AAA            AAB                            172037358      20170213AN B0811    00000000000002            3100000037353009170000000068295         KS230917000000000000000011009170000000002345000000000000000000000000001000071102469149TATIANA DE NARDO                        BENJAMIN CONSTANT                       00000000000 7982412000000                                                       000009
1AAA            AAB                            172037366      20170213AN B0911    00000000000002            3100000037363110170000000068295         KS241017000000000000000011010170000000002345000000000000000000000000001000071102469149TATIANA DE NARDO                        BENJAMIN CONSTANT                       00000000000 7982412000000                                                       000010
1AAA            AAB                            172037374      20170213AN B1011    00000000000002            3100000037373011170000000046795         KS231117000000000000000011011170000000002345000000000000000000000000001000071102469149TATIANA DE NARDO                        BENJAMIN CONSTANT                       00000000000 7982412000000                                                       000011
1AAA            AAB                            172037382      20170213AN B1111    00000000000002            3100000037383112170000000046795         KS241217000000000000000011012170000000002345000000000000000000000000001000071102469149TATIANA DE NARDO                        BENJAMIN CONSTANT                       00000000000 7982412000000                                                       000012
9174826431                                                                                                                                                                                                                                                                                                                                                                                                000013
