01REMESSA01COBRANCA       2643103361110000177                               748SICREDI        20170124        0000023                                                                                                                                                                                                                                                                                 2.00000001
1AAA            AAB                            172000454      20170124 N B1211    00000000000002            0100000000452802170000000076060         KS210217000000000000000021002170000000000306000000000000000000000000001000005252460108JEAN LUCAS BARBOSA DOS SANTOS           CAMPO GRANDE                            00000000000 7995000000000                                                       000002
1AAA            AAB                            172000462      20170124 N B0211    00000000000002            0100000000463103170000000076060         KS240317000000000000000021003170000000000306000000000000000000000000001000005252460108JEAN LUCAS BARBOSA DOS SANTOS           CAMPO GRANDE                            00000000000 7995000000000                                                       000003
1AAA            AAB                            172000470      20170124 N B0311    00000000000002            0100000000473004170000000076060         KS230417000000000000000021004170000000000306000000000000000000000000001000005252460108JEAN LUCAS BARBOSA DOS SANTOS           CAMPO GRANDE                            00000000000 7995000000000                                                       000004
1AAA            AAB                            172000489      20170124 N B0411    00000000000002            0100000000483105170000000076060         KS240517000000000000000021005170000000000306000000000000000000000000001000005252460108JEAN LUCAS BARBOSA DOS SANTOS           CAMPO GRANDE                            00000000000 7995000000000                                                       000005
1AAA            AAB                            172000497      20170124 N B0511    00000000000002            0100000000493006170000000076060         KS230617000000000000000021006170000000000306000000000000000000000000001000005252460108JEAN LUCAS BARBOSA DOS SANTOS           CAMPO GRANDE                            00000000000 7995000000000                                                       000006
1AAA            AAB                            172000500      20170124 N B0611    00000000000002            0100000000503107170000000076060         KS240717000000000000000021007170000000000306000000000000000000000000001000005252460108JEAN LUCAS BARBOSA DOS SANTOS           CAMPO GRANDE                            00000000000 7995000000000                                                       000007
1AAA            AAB                            172000519      20170124 N B0711    00000000000002            0100000000513108170000000076060         KS240817000000000000000021008170000000000306000000000000000000000000001000005252460108JEAN LUCAS BARBOSA DOS SANTOS           CAMPO GRANDE                            00000000000 7995000000000                                                       000008
1AAA            AAB                            172000527      20170124 N B0811    00000000000002            0100000000523009170000000076060         KS230917000000000000000021009170000000000306000000000000000000000000001000005252460108JEAN LUCAS BARBOSA DOS SANTOS           CAMPO GRANDE                            00000000000 7995000000000                                                       000009
1AAA            AAB                            172000535      20170124 N B0911    00000000000002            0100000000533110170000000061060         KS241017000000000000000021010170000000000306000000000000000000000000001000005252460108JEAN LUCAS BARBOSA DOS SANTOS           CAMPO GRANDE                            00000000000 7995000000000                                                       000010
1AAA            AAB                            172000543      20170124 N B1011    00000000000002            0100000000543011170000000061060         KS231117000000000000000021011170000000000306000000000000000000000000001000005252460108JEAN LUCAS BARBOSA DOS SANTOS           CAMPO GRANDE                            00000000000 7995000000000                                                       000011
1AAA            AAB                            172000551      20170124 N B1111    00000000000002            0100000000553112170000000061060         KS241217000000000000000021012170000000000306000000000000000000000000001000005252460108JEAN LUCAS BARBOSA DOS SANTOS           CAMPO GRANDE                            00000000000 7995000000000                                                       000012
9174826431                                                                                                                                                                                                                                                                                                                                                                                                000013
