01REMESSA01COBRANCA       2643103361110000177                               748SICREDI        20170214        0000041                                                                                                                                                                                                                                                                                 2.00000001
1AAA            AAB                            172313681      20170214 N B0000    00000000000002            0100000313683101170000000068214         KS240117000000000000000011001170000000003414000000000000000000000000001000072348585120FABRICIO KENJI MURAKAMI                 EULALIA PIRES                           00000000000 7982302000000                                                       000002
1AAA            AAB                            172313690      20170214 N B0110    00000000000002            0100000313692802170000000068214         KS210217000000000000000012002170000000003414000000000000000000000000001000072348585120FABRICIO KENJI MURAKAMI                 EULALIA PIRES                           00000000000 7982302000000                                                       000003
1AAA            AAB                            172313703      20170214 N B0210    00000000000002            0100000313703103170000000068214         KS240317000000000000000011003170000000003414000000000000000000000000001000072348585120FABRICIO KENJI MURAKAMI                 EULALIA PIRES                           00000000000 7982302000000                                                       000004
1AAA            AAB                            172313711      20170214 N B0310    00000000000002            0100000313713004170000000068214         KS230417000000000000000011004170000000003414000000000000000000000000001000072348585120FABRICIO KENJI MURAKAMI                 EULALIA PIRES                           00000000000 7982302000000                                                       000005
1AAA            AAB                            172313720      20170214 N B0410    00000000000002            0100000313723105170000000068214         KS240517000000000000000011005170000000003414000000000000000000000000001000072348585120FABRICIO KENJI MURAKAMI                 EULALIA PIRES                           00000000000 7982302000000                                                       000006
1AAA            AAB                            172313738      20170214 N B0510    00000000000002            0100000313733006170000000068214         KS230617000000000000000011006170000000003414000000000000000000000000001000072348585120FABRICIO KENJI MURAKAMI                 EULALIA PIRES                           00000000000 7982302000000                                                       000007
1AAA            AAB                            172313746      20170214 N B0610    00000000000002            0100000313743107170000000068214         KS240717000000000000000011007170000000003414000000000000000000000000001000072348585120FABRICIO KENJI MURAKAMI                 EULALIA PIRES                           00000000000 7982302000000                                                       000008
1AAA            AAB                            172313754      20170214 N B0710    00000000000002            0100000313753108170000000068214         KS240817000000000000000011008170000000003414000000000000000000000000001000072348585120FABRICIO KENJI MURAKAMI                 EULALIA PIRES                           00000000000 7982302000000                                                       000009
1AAA            AAB                            172313762      20170214 N B0810    00000000000002            0100000313763009170000000068214         KS230917000000000000000011009170000000003414000000000000000000000000001000072348585120FABRICIO KENJI MURAKAMI                 EULALIA PIRES                           00000000000 7982302000000                                                       000010
1AAA            AAB                            172313770      20170214 N B0910    00000000000002            0100000313773110170000000068214         KS241017000000000000000011010170000000003414000000000000000000000000001000072348585120FABRICIO KENJI MURAKAMI                 EULALIA PIRES                           00000000000 7982302000000                                                       000011
9174826431                                                                                                                                                                                                                                                                                                                                                                                                000012
