01REMESSA01COBRANCA       2643103361110000177                               748SICREDI        20170620        0000060                                                                                                                                                                                                                                                                                 2.00000001
1AAA            AAB                            172036459      20170620 N B0000    00000000000002            0100000036453107170000000021500         KS240717000000000000000011007170000000000000000000000000000000000000001000026967700855MARCELO JOSE PIRANI DOS SANTOS          JOAO CANDIDO CAMARA                     00000000000 7982601100000                                                       000002
1AAA            AAB                            172036467      20170620 N B0711    00000000000002            0100000036463108170000000021500         KS240817000000000000000011008170000000000000000000000000000000000000001000026967700855MARCELO JOSE PIRANI DOS SANTOS          JOAO CANDIDO CAMARA                     00000000000 7982601100000                                                       000003
1AAA            AAB                            172036475      20170620 N B0811    00000000000002            0100000036473009170000000021500         KS230917000000000000000011009170000000000000000000000000000000000000001000026967700855MARCELO JOSE PIRANI DOS SANTOS          JOAO CANDIDO CAMARA                     00000000000 7982601100000                                                       000004
1AAA            AAB                            172036483      20170620 N B0911    00000000000002            0100000036483110170000000021500         KS241017000000000000000011010170000000000000000000000000000000000000001000026967700855MARCELO JOSE PIRANI DOS SANTOS          JOAO CANDIDO CAMARA                     00000000000 7982601100000                                                       000005
1AAA            AAB                            172036491      20170620 N B1011    00000000000002            0100000036493011170000000000000         KS231117000000000000000011011170000000000000000000000000000000000000001000026967700855MARCELO JOSE PIRANI DOS SANTOS          JOAO CANDIDO CAMARA                     00000000000 7982601100000                                                       000006
1AAA            AAB                            172036505      20170620 N B1111    00000000000002            0100000036503112170000000000000         KS241217000000000000000011012170000000000000000000000000000000000000001000026967700855MARCELO JOSE PIRANI DOS SANTOS          JOAO CANDIDO CAMARA                     00000000000 7982601100000                                                       000007
1AAA            AAB                            172043706      20170620 N B1211    00000000000002            0100000043703006170000000076060         KS230617000000000000000011006170000000003060000000000000000000000000001000050622161172LUCIA SILVANA NORBUTAS MICHELS          MANOEL SANTIAGO                         00000000000 7982420000000                                                       000008
1AAA            AAB                            172043714      20170620 N B0608    00000000000002            0100000043713107170000000076060         KS240717000000000000000011007170000000003060000000000000000000000000001000050622161172LUCIA SILVANA NORBUTAS MICHELS          MANOEL SANTIAGO                         00000000000 7982420000000                                                       000009
1AAA            AAB                            172043722      20170620 N B0708    00000000000002            0100000043723108170000000076060         KS240817000000000000000011008170000000003060000000000000000000000000001000050622161172LUCIA SILVANA NORBUTAS MICHELS          MANOEL SANTIAGO                         00000000000 7982420000000                                                       000010
1AAA            AAB                            172043730      20170620 N B0808    00000000000002            0100000043733009170000000076060         KS230917000000000000000011009170000000003060000000000000000000000000001000050622161172LUCIA SILVANA NORBUTAS MICHELS          MANOEL SANTIAGO                         00000000000 7982420000000                                                       000011
1AAA            AAB                            172043749      20170620 N B0908    00000000000002            0100000043743110170000000076060         KS241017000000000000000011010170000000003060000000000000000000000000001000050622161172LUCIA SILVANA NORBUTAS MICHELS          MANOEL SANTIAGO                         00000000000 7982420000000                                                       000012
1AAA            AAB                            172043757      20170620 N B1008    00000000000002            0100000043753011170000000076060         KS231117000000000000000011011170000000003060000000000000000000000000001000050622161172LUCIA SILVANA NORBUTAS MICHELS          MANOEL SANTIAGO                         00000000000 7982420000000                                                       000013
1AAA            AAB                            172043765      20170620 N B1108    00000000000002            0100000043763112170000000076060         KS241217000000000000000011012170000000003060000000000000000000000000001000050622161172LUCIA SILVANA NORBUTAS MICHELS          MANOEL SANTIAGO                         00000000000 7982420000000                                                       000014
1AAA            AAB                            172043633      20170620 N B1208    00000000000002            0100000043633107170000000076060         KS240717000000000000000011007170000000003060000000000000000000000000001000092215033134GIULIANO DEPIERE WERNER                 EDUARDO CERSOZIMO DE SOUZA              00000000000 7980000000000                                                       000015
1AAA            AAB                            172043641      20170620 N B0708    00000000000002            0100000043643108170000000076060         KS240817000000000000000011008170000000003060000000000000000000000000001000092215033134GIULIANO DEPIERE WERNER                 EDUARDO CERSOZIMO DE SOUZA              00000000000 7980000000000                                                       000016
1AAA            AAB                            172043650      20170620 N B0808    00000000000002            0100000043653009170000000076060         KS230917000000000000000011009170000000003060000000000000000000000000001000092215033134GIULIANO DEPIERE WERNER                 EDUARDO CERSOZIMO DE SOUZA              00000000000 7980000000000                                                       000017
1AAA            AAB                            172043668      20170620 N B0908    00000000000002            0100000043663110170000000076060         KS241017000000000000000011010170000000003060000000000000000000000000001000092215033134GIULIANO DEPIERE WERNER                 EDUARDO CERSOZIMO DE SOUZA              00000000000 7980000000000                                                       000018
1AAA            AAB                            172043676      20170620 N B1008    00000000000002            0100000043673011170000000076060         KS231117000000000000000011011170000000003060000000000000000000000000001000092215033134GIULIANO DEPIERE WERNER                 EDUARDO CERSOZIMO DE SOUZA              00000000000 7980000000000                                                       000019
1AAA            AAB                            172043684      20170620 N B1108    00000000000002            0100000043683112170000000076060         KS241217000000000000000011012170000000003060000000000000000000000000001000092215033134GIULIANO DEPIERE WERNER                 EDUARDO CERSOZIMO DE SOUZA              00000000000 7980000000000                                                       000020
1AAA            AAB                            172043790      20170620 N B1208    00000000000002            0100000043793107170000000076060         KS240717000000000000000011007170000000003060000000000000000000000000001000092348106191NILCEIA NONATO DOS SANTOS               SAO JOSE                                00000000000 7989000000000                                                       000021
1AAA            AAB                            172043803      20170620 N B0708    00000000000002            0100000043803108170000000076060         KS240817000000000000000011008170000000003060000000000000000000000000001000092348106191NILCEIA NONATO DOS SANTOS               SAO JOSE                                00000000000 7989000000000                                                       000022
1AAA            AAB                            172043811      20170620 N B0808    00000000000002            0100000043813009170000000076060         KS230917000000000000000011009170000000003060000000000000000000000000001000092348106191NILCEIA NONATO DOS SANTOS               SAO JOSE                                00000000000 7989000000000                                                       000023
1AAA            AAB                            172043820      20170620 N B0908    00000000000002            0100000043823110170000000076060         KS241017000000000000000011010170000000003060000000000000000000000000001000092348106191NILCEIA NONATO DOS SANTOS               SAO JOSE                                00000000000 7989000000000                                                       000024
1AAA            AAB                            172043838      20170620 N B1008    00000000000002            0100000043833011170000000076060         KS231117000000000000000011011170000000003060000000000000000000000000001000092348106191NILCEIA NONATO DOS SANTOS               SAO JOSE                                00000000000 7989000000000                                                       000025
1AAA            AAB                            172043846      20170620 N B1108    00000000000002            0100000043843112170000000076060         KS241217000000000000000011012170000000003060000000000000000000000000001000092348106191NILCEIA NONATO DOS SANTOS               SAO JOSE                                00000000000 7989000000000                                                       000026
1AAA            AAB                            172043862      20170620 N B1208    00000000000002            0100000043863006170000000076060         KS230617000000000000000011006170000000003060000000000000000000000000001000045228990500PAULO SERGIO DIAS LOBO                  GILDASIO GONCALVES DA COSTA             00000000000 7982261000000                                                       000027
1AAA            AAB                            172043870      20170620 N B0608    00000000000002            0100000043873107170000000076060         KS240717000000000000000011007170000000003060000000000000000000000000001000045228990500PAULO SERGIO DIAS LOBO                  GILDASIO GONCALVES DA COSTA             00000000000 7982261000000                                                       000028
1AAA            AAB                            172043889      20170620 N B0708    00000000000002            0100000043883108170000000076060         KS240817000000000000000011008170000000003060000000000000000000000000001000045228990500PAULO SERGIO DIAS LOBO                  GILDASIO GONCALVES DA COSTA             00000000000 7982261000000                                                       000029
1AAA            AAB                            172043897      20170620 N B0808    00000000000002            0100000043893009170000000076060         KS230917000000000000000011009170000000003060000000000000000000000000001000045228990500PAULO SERGIO DIAS LOBO                  GILDASIO GONCALVES DA COSTA             00000000000 7982261000000                                                       000030
1AAA            AAB                            172043900      20170620 N B0908    00000000000002            0100000043903110170000000076060         KS241017000000000000000011010170000000003060000000000000000000000000001000045228990500PAULO SERGIO DIAS LOBO                  GILDASIO GONCALVES DA COSTA             00000000000 7982261000000                                                       000031
1AAA            AAB                            172043919      20170620 N B1008    00000000000002            0100000043913011170000000076060         KS231117000000000000000011011170000000003060000000000000000000000000001000045228990500PAULO SERGIO DIAS LOBO                  GILDASIO GONCALVES DA COSTA             00000000000 7982261000000                                                       000032
1AAA            AAB                            172043927      20170620 N B1108    00000000000002            0100000043923112170000000076060         KS241217000000000000000011012170000000003060000000000000000000000000001000045228990500PAULO SERGIO DIAS LOBO                  GILDASIO GONCALVES DA COSTA             00000000000 7982261000000                                                       000033
1AAA            AAB                            172043935      20170620 N B1208    00000000000002            0100000043933006170000000076060         KS230617000000000000000011006170000000003060000000000000000000000000001000077250095900ELIETE PROVATE QUAIROS LIMA             JANDIRA BARBIERI DUCCI                  00000000000 7982635300000                                                       000034
1AAA            AAB                            172043943      20170620 N B0607    00000000000002            0100000043943107170000000076060         KS240717000000000000000011007170000000003060000000000000000000000000001000077250095900ELIETE PROVATE QUAIROS LIMA             JANDIRA BARBIERI DUCCI                  00000000000 7982635300000                                                       000035
1AAA            AAB                            172043951      20170620 N B0707    00000000000002            0100000043953108170000000076060         KS240817000000000000000011008170000000003060000000000000000000000000001000077250095900ELIETE PROVATE QUAIROS LIMA             JANDIRA BARBIERI DUCCI                  00000000000 7982635300000                                                       000036
1AAA            AAB                            172043960      20170620 N B0807    00000000000002            0100000043963009170000000076060         KS230917000000000000000011009170000000003060000000000000000000000000001000077250095900ELIETE PROVATE QUAIROS LIMA             JANDIRA BARBIERI DUCCI                  00000000000 7982635300000                                                       000037
1AAA            AAB                            172043978      20170620 N B0907    00000000000002            0100000043973110170000000076060         KS241017000000000000000011010170000000003060000000000000000000000000001000077250095900ELIETE PROVATE QUAIROS LIMA             JANDIRA BARBIERI DUCCI                  00000000000 7982635300000                                                       000038
1AAA            AAB                            172043986      20170620 N B1007    00000000000002            0100000043983011170000000076060         KS231117000000000000000011011170000000003060000000000000000000000000001000077250095900ELIETE PROVATE QUAIROS LIMA             JANDIRA BARBIERI DUCCI                  00000000000 7982635300000                                                       000039
1AAA            AAB                            172043994      20170620 N B1107    00000000000002            0100000043993112170000000076060         KS241217000000000000000011012170000000003060000000000000000000000000001000077250095900ELIETE PROVATE QUAIROS LIMA             JANDIRA BARBIERI DUCCI                  00000000000 7982635300000                                                       000040
9174826431                                                                                                                                                                                                                                                                                                                                                                                                000041
