01REMESSA01COBRANCA       2643103361110000177                               748SICREDI        20170214        0000043                                                                                                                                                                                                                                                                                 2.00000001
1AAA            AAB                            172303163      20170214 N B0000    00000000000002            0200000303162802170000000104583         KS210217000000000000000012002170000000003983000000000000000000000000001000001555181198LUZIENE RAMOS                           ANTONIO ALVES ROCHA                     00000000000 7982363000000                                                       000002
1AAA            AAB                            172303171      20170214 N B0210    00000000000002            0200000303173103170000000104583         KS240317000000000000000011003170000000003983000000000000000000000000001000001555181198LUZIENE RAMOS                           ANTONIO ALVES ROCHA                     00000000000 7982363000000                                                       000003
1AAA            AAB                            172303180      20170214 N B0310    00000000000002            0200000303183004170000000104583         KS230417000000000000000011004170000000003983000000000000000000000000001000001555181198LUZIENE RAMOS                           ANTONIO ALVES ROCHA                     00000000000 7982363000000                                                       000004
1AAA            AAB                            172303198      20170214 N B0410    00000000000002            0200000303193105170000000104583         KS240517000000000000000011005170000000003983000000000000000000000000001000001555181198LUZIENE RAMOS                           ANTONIO ALVES ROCHA                     00000000000 7982363000000                                                       000005
1AAA            AAB                            172303201      20170214 N B0510    00000000000002            0200000303203006170000000104583         KS230617000000000000000011006170000000003983000000000000000000000000001000001555181198LUZIENE RAMOS                           ANTONIO ALVES ROCHA                     00000000000 7982363000000                                                       000006
1AAA            AAB                            172303210      20170214 N B0610    00000000000002            0200000303213107170000000104583         KS240717000000000000000011007170000000003983000000000000000000000000001000001555181198LUZIENE RAMOS                           ANTONIO ALVES ROCHA                     00000000000 7982363000000                                                       000007
1AAA            AAB                            172303228      20170214 N B0710    00000000000002            0200000303223108170000000104583         KS240817000000000000000011008170000000003983000000000000000000000000001000001555181198LUZIENE RAMOS                           ANTONIO ALVES ROCHA                     00000000000 7982363000000                                                       000008
1AAA            AAB                            172303236      20170214 N B0810    00000000000002            0200000303233009170000000104583         KS230917000000000000000011009170000000003983000000000000000000000000001000001555181198LUZIENE RAMOS                           ANTONIO ALVES ROCHA                     00000000000 7982363000000                                                       000009
1AAA            AAB                            172303244      20170214 N B0910    00000000000002            0200000303243110170000000104583         KS241017000000000000000011010170000000003983000000000000000000000000001000001555181198LUZIENE RAMOS                           ANTONIO ALVES ROCHA                     00000000000 7982363000000                                                       000010
1AAA            AAB                            172303252      20170214 N B1010    00000000000002            0200000303253011170000000079583         KS231117000000000000000011011170000000003983000000000000000000000000001000001555181198LUZIENE RAMOS                           ANTONIO ALVES ROCHA                     00000000000 7982363000000                                                       000011
9174826431                                                                                                                                                                                                                                                                                                                                                                                                000012
