01REMESSA01COBRANCA       2643103361110000177                               748SICREDI        20170214        0000040                                                                                                                                                                                                                                                                                 2.00000001
1AAA            AAB                            172025406      20170214 N B0000    00000000000002            0100000025402802170000000030530         KS210217000000000000000012002170000000001530000000000000000000000000001000020898797187OSWALDO CANDIDO DINIZ JUNIOR            JOAO FAGUNDES DE MENESES                00000000000 7982653000000                                                       000002
1AAA            AAB                            172025414      20170214 N B0211    00000000000002            0100000025413103170000000030530         KS240317000000000000000011003170000000001530000000000000000000000000001000020898797187OSWALDO CANDIDO DINIZ JUNIOR            JOAO FAGUNDES DE MENESES                00000000000 7982653000000                                                       000003
1AAA            AAB                            172025422      20170214 N B0311    00000000000002            0100000025423004170000000030530         KS230417000000000000000011004170000000001530000000000000000000000000001000020898797187OSWALDO CANDIDO DINIZ JUNIOR            JOAO FAGUNDES DE MENESES                00000000000 7982653000000                                                       000004
1AAA            AAB                            172025430      20170214 N B0411    00000000000002            0100000025433105170000000030530         KS240517000000000000000011005170000000001530000000000000000000000000001000020898797187OSWALDO CANDIDO DINIZ JUNIOR            JOAO FAGUNDES DE MENESES                00000000000 7982653000000                                                       000005
1AAA            AAB                            172025449      20170214 N B0511    00000000000002            0100000025443006170000000030530         KS230617000000000000000011006170000000001530000000000000000000000000001000020898797187OSWALDO CANDIDO DINIZ JUNIOR            JOAO FAGUNDES DE MENESES                00000000000 7982653000000                                                       000006
1AAA            AAB                            172025457      20170214 N B0611    00000000000002            0100000025453107170000000030530         KS240717000000000000000011007170000000001530000000000000000000000000001000020898797187OSWALDO CANDIDO DINIZ JUNIOR            JOAO FAGUNDES DE MENESES                00000000000 7982653000000                                                       000007
1AAA            AAB                            172025465      20170214 N B0711    00000000000002            0100000025463108170000000030530         KS240817000000000000000011008170000000001530000000000000000000000000001000020898797187OSWALDO CANDIDO DINIZ JUNIOR            JOAO FAGUNDES DE MENESES                00000000000 7982653000000                                                       000008
1AAA            AAB                            172025473      20170214 N B0811    00000000000002            0100000025473009170000000030530         KS230917000000000000000011009170000000001530000000000000000000000000001000020898797187OSWALDO CANDIDO DINIZ JUNIOR            JOAO FAGUNDES DE MENESES                00000000000 7982653000000                                                       000009
1AAA            AAB                            172025481      20170214 N B0911    00000000000002            0100000025483110170000000030530         KS241017000000000000000011010170000000001530000000000000000000000000001000020898797187OSWALDO CANDIDO DINIZ JUNIOR            JOAO FAGUNDES DE MENESES                00000000000 7982653000000                                                       000010
1AAA            AAB                            172025490      20170214 N B1011    00000000000002            0100000025493011170000000030530         KS231117000000000000000011011170000000001530000000000000000000000000001000020898797187OSWALDO CANDIDO DINIZ JUNIOR            JOAO FAGUNDES DE MENESES                00000000000 7982653000000                                                       000011
1AAA            AAB                            172025503      20170214 N B1111    00000000000002            0100000025503112170000000030530         KS241217000000000000000011012170000000001530000000000000000000000000001000020898797187OSWALDO CANDIDO DINIZ JUNIOR            JOAO FAGUNDES DE MENESES                00000000000 7982653000000                                                       000012
1AAA            AAB                            172040146      20170214 N B1211    00000000000002            0100000040142802170000000069954         KS210217000000000000000012002170000000002754000000000000000000000000001000006111215140KAIO SOSA MALDONADO                     CORNELIA CERSOSIMO DE SOUZA             00000000000 7982319200000                                                       000013
1AAA            AAB                            172040154      20170214 N B0211    00000000000002            0100000040153103170000000069954         KS240317000000000000000011003170000000002754000000000000000000000000001000006111215140KAIO SOSA MALDONADO                     CORNELIA CERSOSIMO DE SOUZA             00000000000 7982319200000                                                       000014
1AAA            AAB                            172040162      20170214 N B0311    00000000000002            0100000040163004170000000069954         KS230417000000000000000011004170000000002754000000000000000000000000001000006111215140KAIO SOSA MALDONADO                     CORNELIA CERSOSIMO DE SOUZA             00000000000 7982319200000                                                       000015
1AAA            AAB                            172040170      20170214 N B0411    00000000000002            0100000040173105170000000069954         KS240517000000000000000011005170000000002754000000000000000000000000001000006111215140KAIO SOSA MALDONADO                     CORNELIA CERSOSIMO DE SOUZA             00000000000 7982319200000                                                       000016
1AAA            AAB                            172040189      20170214 N B0511    00000000000002            0100000040183006170000000069954         KS230617000000000000000011006170000000002754000000000000000000000000001000006111215140KAIO SOSA MALDONADO                     CORNELIA CERSOSIMO DE SOUZA             00000000000 7982319200000                                                       000017
1AAA            AAB                            172040197      20170214 N B0611    00000000000002            0100000040193107170000000069954         KS240717000000000000000011007170000000002754000000000000000000000000001000006111215140KAIO SOSA MALDONADO                     CORNELIA CERSOSIMO DE SOUZA             00000000000 7982319200000                                                       000018
1AAA            AAB                            172040200      20170214 N B0711    00000000000002            0100000040203108170000000069954         KS240817000000000000000011008170000000002754000000000000000000000000001000006111215140KAIO SOSA MALDONADO                     CORNELIA CERSOSIMO DE SOUZA             00000000000 7982319200000                                                       000019
1AAA            AAB                            172040219      20170214 N B0811    00000000000002            0100000040213009170000000069954         KS230917000000000000000011009170000000002754000000000000000000000000001000006111215140KAIO SOSA MALDONADO                     CORNELIA CERSOSIMO DE SOUZA             00000000000 7982319200000                                                       000020
1AAA            AAB                            172040227      20170214 N B0911    00000000000002            0100000040223110170000000054954         KS241017000000000000000011010170000000002754000000000000000000000000001000006111215140KAIO SOSA MALDONADO                     CORNELIA CERSOSIMO DE SOUZA             00000000000 7982319200000                                                       000021
1AAA            AAB                            172040235      20170214 N B1011    00000000000002            0100000040233011170000000054954         KS231117000000000000000011011170000000002754000000000000000000000000001000006111215140KAIO SOSA MALDONADO                     CORNELIA CERSOSIMO DE SOUZA             00000000000 7982319200000                                                       000022
1AAA            AAB                            172040243      20170214 N B1111    00000000000002            0100000040243112170000000054954         KS241217000000000000000011012170000000002754000000000000000000000000001000006111215140KAIO SOSA MALDONADO                     CORNELIA CERSOSIMO DE SOUZA             00000000000 7982319200000                                                       000023
9174826431                                                                                                                                                                                                                                                                                                                                                                                                000024
