01REMESSA01COBRANCA       2643103361110000177                               748SICREDI        20170620        0000059                                                                                                                                                                                                                                                                                 2.00000001
1AAA            AAB                            172316958      20170620 N B0000    00000000000002            0100000316953105170000000110268         KS240517000000000000000011005170000000004268000000000000000000000000001000059521082100CEILA DUEK SOUZA                        IPIRANGA                                00000000000 7982514000000                                                       000002
1AAA            AAB                            172316966      20170620 N B0508    00000000000002            0100000316963006170000000110268         KS230617000000000000000011006170000000004268000000000000000000000000001000059521082100CEILA DUEK SOUZA                        IPIRANGA                                00000000000 7982514000000                                                       000003
1AAA            AAB                            172316974      20170620 N B0608    00000000000002            0100000316973107170000000110268         KS240717000000000000000011007170000000004268000000000000000000000000001000059521082100CEILA DUEK SOUZA                        IPIRANGA                                00000000000 7982514000000                                                       000004
1AAA            AAB                            172316982      20170620 N B0708    00000000000002            0100000316983108170000000110268         KS240817000000000000000011008170000000004268000000000000000000000000001000059521082100CEILA DUEK SOUZA                        IPIRANGA                                00000000000 7982514000000                                                       000005
1AAA            AAB                            172316990      20170620 N B0808    00000000000002            0100000316993009170000000110268         KS230917000000000000000011009170000000004268000000000000000000000000001000059521082100CEILA DUEK SOUZA                        IPIRANGA                                00000000000 7982514000000                                                       000006
1AAA            AAB                            172317008      20170620 N B0908    00000000000002            0100000317003110170000000110268         KS241017000000000000000011010170000000004268000000000000000000000000001000059521082100CEILA DUEK SOUZA                        IPIRANGA                                00000000000 7982514000000                                                       000007
1AAA            AAB                            172317016      20170620 N B1008    00000000000002            0100000317013011170000000110268         KS231117000000000000000011011170000000004268000000000000000000000000001000059521082100CEILA DUEK SOUZA                        IPIRANGA                                00000000000 7982514000000                                                       000008
1AAA            AAB                            172317024      20170620 N B1108    00000000000002            0100000317023112170000000110268         KS241217000000000000000011012170000000004268000000000000000000000000001000059521082100CEILA DUEK SOUZA                        IPIRANGA                                00000000000 7982514000000                                                       000009
1AAA            AAB                            172316885      20170620 N B1208    00000000000002            0100000316883006170000000130163         KS230617000000000000000011006170000000005263000000000000000000000000001000082632200172ELIANA ESTEVES DA COSTA                 LUIZ CARLOS ZURUTUZA                    00000000000 7984050200000                                                       000010
1AAA            AAB                            172316893      20170620 N B0607    00000000000002            0100000316893107170000000130163         KS240717000000000000000011007170000000005263000000000000000000000000001000082632200172ELIANA ESTEVES DA COSTA                 LUIZ CARLOS ZURUTUZA                    00000000000 7984050200000                                                       000011
1AAA            AAB                            172316907      20170620 N B0707    00000000000002            0100000316903108170000000130163         KS240817000000000000000011008170000000005263000000000000000000000000001000082632200172ELIANA ESTEVES DA COSTA                 LUIZ CARLOS ZURUTUZA                    00000000000 7984050200000                                                       000012
1AAA            AAB                            172316915      20170620 N B0807    00000000000002            0100000316913009170000000130163         KS230917000000000000000011009170000000005263000000000000000000000000001000082632200172ELIANA ESTEVES DA COSTA                 LUIZ CARLOS ZURUTUZA                    00000000000 7984050200000                                                       000013
1AAA            AAB                            172316923      20170620 N B0907    00000000000002            0100000316923110170000000130163         KS241017000000000000000011010170000000005263000000000000000000000000001000082632200172ELIANA ESTEVES DA COSTA                 LUIZ CARLOS ZURUTUZA                    00000000000 7984050200000                                                       000014
1AAA            AAB                            172316931      20170620 N B1007    00000000000002            0100000316933011170000000130163         KS231117000000000000000011011170000000005263000000000000000000000000001000082632200172ELIANA ESTEVES DA COSTA                 LUIZ CARLOS ZURUTUZA                    00000000000 7984050200000                                                       000015
1AAA            AAB                            172316940      20170620 N B1107    00000000000002            0100000316943112170000000130163         KS241217000000000000000011012170000000005263000000000000000000000000001000082632200172ELIANA ESTEVES DA COSTA                 LUIZ CARLOS ZURUTUZA                    00000000000 7984050200000                                                       000016
1AAA            AAB                            172317032      20170620 N B1207    00000000000002            0100000317033006170000000138690         KS230617000000000000000011006170000000005690000000000000000000000000001000049477927015VERA LUCIA BEE PEREIRA                  IGUASSU                                 00000000000 7982418000000                                                       000017
1AAA            AAB                            172317040      20170620 N B0607    00000000000002            0100000317043107170000000138690         KS240717000000000000000011007170000000005690000000000000000000000000001000049477927015VERA LUCIA BEE PEREIRA                  IGUASSU                                 00000000000 7982418000000                                                       000018
1AAA            AAB                            172317059      20170620 N B0707    00000000000002            0100000317053108170000000138690         KS240817000000000000000011008170000000005690000000000000000000000000001000049477927015VERA LUCIA BEE PEREIRA                  IGUASSU                                 00000000000 7982418000000                                                       000019
1AAA            AAB                            172317067      20170620 N B0807    00000000000002            0100000317063009170000000138690         KS230917000000000000000011009170000000005690000000000000000000000000001000049477927015VERA LUCIA BEE PEREIRA                  IGUASSU                                 00000000000 7982418000000                                                       000020
1AAA            AAB                            172317075      20170620 N B0907    00000000000002            0100000317073110170000000138690         KS241017000000000000000011010170000000005690000000000000000000000000001000049477927015VERA LUCIA BEE PEREIRA                  IGUASSU                                 00000000000 7982418000000                                                       000021
1AAA            AAB                            172317083      20170620 N B1007    00000000000002            0100000317083011170000000138690         KS231117000000000000000011011170000000005690000000000000000000000000001000049477927015VERA LUCIA BEE PEREIRA                  IGUASSU                                 00000000000 7982418000000                                                       000022
1AAA            AAB                            172317091      20170620 N B1107    00000000000002            0100000317093112170000000138690         KS241217000000000000000011012170000000005690000000000000000000000000001000049477927015VERA LUCIA BEE PEREIRA                  IGUASSU                                 00000000000 7982418000000                                                       000023
9174826431                                                                                                                                                                                                                                                                                                                                                                                                000024
