01REMESSA01COBRANCA       2643103361110000177                               748SICREDI        20170306        0000051                                                                                                                                                                                                                                                                                 2.00000001
1AAA            AAB                            172042327      20170306 N B0000    00000000000002            0100000042322802170000000071638         KS210217000000000000000012002170000000002513000000000000000000000000001000046559620034VERA LUCIA SILVA DA SILVA               OLIVEIRA MARQUES                        00000000000 7980502000000                                                       000002
1AAA            AAB                            172042335      20170306 N B0211    00000000000002            0100000042333103170000000071638         KS240317000000000000000011003170000000002513000000000000000000000000001000046559620034VERA LUCIA SILVA DA SILVA               OLIVEIRA MARQUES                        00000000000 7980502000000                                                       000003
1AAA            AAB                            172042343      20170306 N B0311    00000000000002            0100000042343004170000000071638         KS230417000000000000000011004170000000002513000000000000000000000000001000046559620034VERA LUCIA SILVA DA SILVA               OLIVEIRA MARQUES                        00000000000 7980502000000                                                       000004
1AAA            AAB                            172042351      20170306 N B0411    00000000000002            0100000042353105170000000071638         KS240517000000000000000011005170000000002513000000000000000000000000001000046559620034VERA LUCIA SILVA DA SILVA               OLIVEIRA MARQUES                        00000000000 7980502000000                                                       000005
1AAA            AAB                            172042360      20170306 N B0511    00000000000002            0100000042363006170000000071638         KS230617000000000000000011006170000000002513000000000000000000000000001000046559620034VERA LUCIA SILVA DA SILVA               OLIVEIRA MARQUES                        00000000000 7980502000000                                                       000006
1AAA            AAB                            172042378      20170306 N B0611    00000000000002            0100000042373107170000000071638         KS240717000000000000000011007170000000002513000000000000000000000000001000046559620034VERA LUCIA SILVA DA SILVA               OLIVEIRA MARQUES                        00000000000 7980502000000                                                       000007
1AAA            AAB                            172042386      20170306 N B0711    00000000000002            0100000042383108170000000071638         KS240817000000000000000011008170000000002513000000000000000000000000001000046559620034VERA LUCIA SILVA DA SILVA               OLIVEIRA MARQUES                        00000000000 7980502000000                                                       000008
1AAA            AAB                            172042394      20170306 N B0811    00000000000002            0100000042393009170000000071638         KS230917000000000000000011009170000000002513000000000000000000000000001000046559620034VERA LUCIA SILVA DA SILVA               OLIVEIRA MARQUES                        00000000000 7980502000000                                                       000009
1AAA            AAB                            172042408      20170306 N B0911    00000000000002            0100000042403110170000000071638         KS241017000000000000000011010170000000002513000000000000000000000000001000046559620034VERA LUCIA SILVA DA SILVA               OLIVEIRA MARQUES                        00000000000 7980502000000                                                       000010
1AAA            AAB                            172042416      20170306 N B1011    00000000000002            0100000042413011170000000050138         KS231117000000000000000011011170000000002513000000000000000000000000001000046559620034VERA LUCIA SILVA DA SILVA               OLIVEIRA MARQUES                        00000000000 7980502000000                                                       000011
1AAA            AAB                            172042424      20170306 N B1111    00000000000002            0100000042423112170000000050138         KS241217000000000000000011012170000000002513000000000000000000000000001000046559620034VERA LUCIA SILVA DA SILVA               OLIVEIRA MARQUES                        00000000000 7980502000000                                                       000012
1AAA            AAB                            172042432      20170306 N B1211    00000000000002            0100000042432802170000000071638         KS210217000000000000000012002170000000002513000000000000000000000000001000046559620034VERA LUCIA SILVA DA SILVA               OLIVEIRA MARQUES                        00000000000 7980000000000                                                       000013
1AAA            AAB                            172042440      20170306 N B0211    00000000000002            0100000042443103170000000071638         KS240317000000000000000011003170000000002513000000000000000000000000001000046559620034VERA LUCIA SILVA DA SILVA               OLIVEIRA MARQUES                        00000000000 7980000000000                                                       000014
1AAA            AAB                            172042459      20170306 N B0311    00000000000002            0100000042453004170000000071638         KS230417000000000000000011004170000000002513000000000000000000000000001000046559620034VERA LUCIA SILVA DA SILVA               OLIVEIRA MARQUES                        00000000000 7980000000000                                                       000015
1AAA            AAB                            172042467      20170306 N B0411    00000000000002            0100000042463105170000000071638         KS240517000000000000000011005170000000002513000000000000000000000000001000046559620034VERA LUCIA SILVA DA SILVA               OLIVEIRA MARQUES                        00000000000 7980000000000                                                       000016
1AAA            AAB                            172042475      20170306 N B0511    00000000000002            0100000042473006170000000071638         KS230617000000000000000011006170000000002513000000000000000000000000001000046559620034VERA LUCIA SILVA DA SILVA               OLIVEIRA MARQUES                        00000000000 7980000000000                                                       000017
1AAA            AAB                            172042483      20170306 N B0611    00000000000002            0100000042483107170000000071638         KS240717000000000000000011007170000000002513000000000000000000000000001000046559620034VERA LUCIA SILVA DA SILVA               OLIVEIRA MARQUES                        00000000000 7980000000000                                                       000018
1AAA            AAB                            172042491      20170306 N B0711    00000000000002            0100000042493108170000000071638         KS240817000000000000000011008170000000002513000000000000000000000000001000046559620034VERA LUCIA SILVA DA SILVA               OLIVEIRA MARQUES                        00000000000 7980000000000                                                       000019
1AAA            AAB                            172042505      20170306 N B0811    00000000000002            0100000042503009170000000071638         KS230917000000000000000011009170000000002513000000000000000000000000001000046559620034VERA LUCIA SILVA DA SILVA               OLIVEIRA MARQUES                        00000000000 7980000000000                                                       000020
1AAA            AAB                            172042513      20170306 N B0911    00000000000002            0100000042513110170000000071638         KS241017000000000000000011010170000000002513000000000000000000000000001000046559620034VERA LUCIA SILVA DA SILVA               OLIVEIRA MARQUES                        00000000000 7980000000000                                                       000021
1AAA            AAB                            172042521      20170306 N B1011    00000000000002            0100000042523011170000000050138         KS231117000000000000000011011170000000002513000000000000000000000000001000046559620034VERA LUCIA SILVA DA SILVA               OLIVEIRA MARQUES                        00000000000 7980000000000                                                       000022
1AAA            AAB                            172042530      20170306 N B1111    00000000000002            0100000042533112170000000050138         KS241217000000000000000011012170000000002513000000000000000000000000001000046559620034VERA LUCIA SILVA DA SILVA               OLIVEIRA MARQUES                        00000000000 7980000000000                                                       000023
1AAA            AAB                            172042220      20170306 N B1211    00000000000002            0100000042223103170000000071638         KS240317000000000000000011003170000000002513000000000000000000000000001000063657325115AURELIO LUCIANO PEMENTEL BONATTO        20 DE DEZEMBRO                          00000000000 7981009000000                                                       000024
1AAA            AAB                            172042238      20170306 N B0310    00000000000002            0100000042233004170000000071638         KS230417000000000000000011004170000000002513000000000000000000000000001000063657325115AURELIO LUCIANO PEMENTEL BONATTO        20 DE DEZEMBRO                          00000000000 7981009000000                                                       000025
1AAA            AAB                            172042246      20170306 N B0410    00000000000002            0100000042243105170000000071638         KS240517000000000000000011005170000000002513000000000000000000000000001000063657325115AURELIO LUCIANO PEMENTEL BONATTO        20 DE DEZEMBRO                          00000000000 7981009000000                                                       000026
1AAA            AAB                            172042254      20170306 N B0510    00000000000002            0100000042253006170000000071638         KS230617000000000000000011006170000000002513000000000000000000000000001000063657325115AURELIO LUCIANO PEMENTEL BONATTO        20 DE DEZEMBRO                          00000000000 7981009000000                                                       000027
1AAA            AAB                            172042262      20170306 N B0610    00000000000002            0100000042263107170000000071638         KS240717000000000000000011007170000000002513000000000000000000000000001000063657325115AURELIO LUCIANO PEMENTEL BONATTO        20 DE DEZEMBRO                          00000000000 7981009000000                                                       000028
9174826431                                                                                                                                                                                                                                                                                                                                                                                                000029
