01REMESSA01COBRANCA       2643103361110000177                               748SICREDI        20170328        0000055                                                                                                                                                                                                                                                                                 2.00000001
1AAA            AAB                            172005383      20170328 N B0000    00000000000002            0100000005382802170000000045530         KS210217000000000000000012002170000000001530000000000000000000000000001000071775480178GISELE LEITE MATTOS PUPIN               JOSE ALENCAR                            00000000000 7983017000000                                                       000002
1AAA            AAB                            172005391      20170328 N B0211    00000000000002            0100000005393103170000000045530         KS240317000000000000000011003170000000001530000000000000000000000000001000071775480178GISELE LEITE MATTOS PUPIN               JOSE ALENCAR                            00000000000 7983017000000                                                       000003
1AAA            AAB                            172005405      20170328 N B0311    00000000000002            0100000005403004170000000045530         KS230417000000000000000011004170000000001530000000000000000000000000001000071775480178GISELE LEITE MATTOS PUPIN               JOSE ALENCAR                            00000000000 7983017000000                                                       000004
1AAA            AAB                            172005413      20170328 N B0411    00000000000002            0100000005413105170000000045530         KS240517000000000000000011005170000000001530000000000000000000000000001000071775480178GISELE LEITE MATTOS PUPIN               JOSE ALENCAR                            00000000000 7983017000000                                                       000005
1AAA            AAB                            172005421      20170328 N B0511    00000000000002            0100000005423006170000000045530         KS230617000000000000000011006170000000001530000000000000000000000000001000071775480178GISELE LEITE MATTOS PUPIN               JOSE ALENCAR                            00000000000 7983017000000                                                       000006
1AAA            AAB                            172005430      20170328 N B0611    00000000000002            0100000005433107170000000045530         KS240717000000000000000011007170000000001530000000000000000000000000001000071775480178GISELE LEITE MATTOS PUPIN               JOSE ALENCAR                            00000000000 7983017000000                                                       000007
1AAA            AAB                            172005448      20170328 N B0711    00000000000002            0100000005443108170000000045530         KS240817000000000000000011008170000000001530000000000000000000000000001000071775480178GISELE LEITE MATTOS PUPIN               JOSE ALENCAR                            00000000000 7983017000000                                                       000008
1AAA            AAB                            172005456      20170328 N B0811    00000000000002            0100000005453009170000000045530         KS230917000000000000000011009170000000001530000000000000000000000000001000071775480178GISELE LEITE MATTOS PUPIN               JOSE ALENCAR                            00000000000 7983017000000                                                       000009
1AAA            AAB                            172005464      20170328 N B0911    00000000000002            0100000005463110170000000030530         KS241017000000000000000011010170000000001530000000000000000000000000001000071775480178GISELE LEITE MATTOS PUPIN               JOSE ALENCAR                            00000000000 7983017000000                                                       000010
1AAA            AAB                            172005472      20170328 N B1011    00000000000002            0100000005473011170000000030530         KS231117000000000000000011011170000000001530000000000000000000000000001000071775480178GISELE LEITE MATTOS PUPIN               JOSE ALENCAR                            00000000000 7983017000000                                                       000011
1AAA            AAB                            172005480      20170328 N B1111    00000000000002            0100000005483112170000000030530         KS241217000000000000000011012170000000001530000000000000000000000000001000071775480178GISELE LEITE MATTOS PUPIN               JOSE ALENCAR                            00000000000 7983017000000                                                       000012
1AAA            AAB                            172042866      20170328 N B1211    00000000000002            0100000042863103170000000069954         KS240317000000000000000011003170000000002754000000000000000000000000001000094684782115APARECIDA FRANCISCA DA SILVA            MONTE ALEGRE                            00000000000 7983312000000                                                       000013
1AAA            AAB                            172042874      20170328 N B0310    00000000000002            0100000042873004170000000069954         KS230417000000000000000011004170000000002754000000000000000000000000001000094684782115APARECIDA FRANCISCA DA SILVA            MONTE ALEGRE                            00000000000 7983312000000                                                       000014
1AAA            AAB                            172042882      20170328 N B0410    00000000000002            0100000042883105170000000069954         KS240517000000000000000011005170000000002754000000000000000000000000001000094684782115APARECIDA FRANCISCA DA SILVA            MONTE ALEGRE                            00000000000 7983312000000                                                       000015
1AAA            AAB                            172042890      20170328 N B0510    00000000000002            0100000042893006170000000069954         KS230617000000000000000011006170000000002754000000000000000000000000001000094684782115APARECIDA FRANCISCA DA SILVA            MONTE ALEGRE                            00000000000 7983312000000                                                       000016
1AAA            AAB                            172042904      20170328 N B0610    00000000000002            0100000042903107170000000069954         KS240717000000000000000011007170000000002754000000000000000000000000001000094684782115APARECIDA FRANCISCA DA SILVA            MONTE ALEGRE                            00000000000 7983312000000                                                       000017
1AAA            AAB                            172042912      20170328 N B0710    00000000000002            0100000042913108170000000069954         KS240817000000000000000011008170000000002754000000000000000000000000001000094684782115APARECIDA FRANCISCA DA SILVA            MONTE ALEGRE                            00000000000 7983312000000                                                       000018
1AAA            AAB                            172042920      20170328 N B0810    00000000000002            0100000042923009170000000069954         KS230917000000000000000011009170000000002754000000000000000000000000001000094684782115APARECIDA FRANCISCA DA SILVA            MONTE ALEGRE                            00000000000 7983312000000                                                       000019
1AAA            AAB                            172042939      20170328 N B0910    00000000000002            0100000042933110170000000069954         KS241017000000000000000011010170000000002754000000000000000000000000001000094684782115APARECIDA FRANCISCA DA SILVA            MONTE ALEGRE                            00000000000 7983312000000                                                       000020
1AAA            AAB                            172042947      20170328 N B1010    00000000000002            0100000042943011170000000054954         KS231117000000000000000011011170000000002754000000000000000000000000001000094684782115APARECIDA FRANCISCA DA SILVA            MONTE ALEGRE                            00000000000 7983312000000                                                       000021
1AAA            AAB                            172042955      20170328 N B1110    00000000000002            0100000042953112170000000054954         KS241217000000000000000011012170000000002754000000000000000000000000001000094684782115APARECIDA FRANCISCA DA SILVA            MONTE ALEGRE                            00000000000 7983312000000                                                       000022
1AAA            AAB                            172042777      20170328 N B1210    00000000000002            0100000042773004170000000076060         KS230417000000000000000011004170000000003060000000000000000000000000001000005938809193LETICIA SE ASSIS MOREIRA                RAMONA DA SILVA PEDROSO                 00000000000 7984016000000                                                       000023
1AAA            AAB                            172042785      20170328 N B0410    00000000000002            0100000042783105170000000076060         KS240517000000000000000011005170000000003060000000000000000000000000001000005938809193LETICIA SE ASSIS MOREIRA                RAMONA DA SILVA PEDROSO                 00000000000 7984016000000                                                       000024
1AAA            AAB                            172042793      20170328 N B0510    00000000000002            0100000042793006170000000076060         KS230617000000000000000011006170000000003060000000000000000000000000001000005938809193LETICIA SE ASSIS MOREIRA                RAMONA DA SILVA PEDROSO                 00000000000 7984016000000                                                       000025
1AAA            AAB                            172042807      20170328 N B0610    00000000000002            0100000042803107170000000076060         KS240717000000000000000011007170000000003060000000000000000000000000001000005938809193LETICIA SE ASSIS MOREIRA                RAMONA DA SILVA PEDROSO                 00000000000 7984016000000                                                       000026
1AAA            AAB                            172042815      20170328 N B0710    00000000000002            0100000042813108170000000076060         KS240817000000000000000011008170000000003060000000000000000000000000001000005938809193LETICIA SE ASSIS MOREIRA                RAMONA DA SILVA PEDROSO                 00000000000 7984016000000                                                       000027
1AAA            AAB                            172042823      20170328 N B0810    00000000000002            0100000042823009170000000076060         KS230917000000000000000011009170000000003060000000000000000000000000001000005938809193LETICIA SE ASSIS MOREIRA                RAMONA DA SILVA PEDROSO                 00000000000 7984016000000                                                       000028
1AAA            AAB                            172042831      20170328 N B0910    00000000000002            0100000042833110170000000076060         KS241017000000000000000011010170000000003060000000000000000000000000001000005938809193LETICIA SE ASSIS MOREIRA                RAMONA DA SILVA PEDROSO                 00000000000 7984016000000                                                       000029
1AAA            AAB                            172042840      20170328 N B1010    00000000000002            0100000042843011170000000076060         KS231117000000000000000011011170000000003060000000000000000000000000001000005938809193LETICIA SE ASSIS MOREIRA                RAMONA DA SILVA PEDROSO                 00000000000 7984016000000                                                       000030
1AAA            AAB                            172042858      20170328 N B1110    00000000000002            0100000042853112170000000061060         KS241217000000000000000011012170000000003060000000000000000000000000001000005938809193LETICIA SE ASSIS MOREIRA                RAMONA DA SILVA PEDROSO                 00000000000 7984016000000                                                       000031
9174826431                                                                                                                                                                                                                                                                                                                                                                                                000032
