01REMESSA01COBRANCA       2643103361110000177                               748SICREDI        20170210        0000030                                                                                                                                                                                                                                                                                 2.00000001
1AAA            ABB                            172300008      20170210 N B0000    00000000000002            0100000300003101170000000106766         KS240117000000000000000011001170000000004266000000000000000000000000001000005252460108JEAN LUCAS BARBOSA DOS SANTOS           CAMPO GRANDE                            00000000000 7995000000000                                                       000002
1AAA            ABB                            172300016      20170210 N B0112    00000000000002            0100000300012802170000000106766         KS210217000000000000000012002170000000004266000000000000000000000000001000005252460108JEAN LUCAS BARBOSA DOS SANTOS           CAMPO GRANDE                            00000000000 7995000000000                                                       000003
1AAA            ABB                            172300024      20170210 N B0212    00000000000002            0100000300023103170000000106766         KS240317000000000000000011003170000000004266000000000000000000000000001000005252460108JEAN LUCAS BARBOSA DOS SANTOS           CAMPO GRANDE                            00000000000 7995000000000                                                       000004
1AAA            ABB                            172300032      20170210 N B0312    00000000000002            0100000300033004170000000106766         KS230417000000000000000011004170000000004266000000000000000000000000001000005252460108JEAN LUCAS BARBOSA DOS SANTOS           CAMPO GRANDE                            00000000000 7995000000000                                                       000005
1AAA            ABB                            172300040      20170210 N B0412    00000000000002            0100000300043105170000000106766         KS240517000000000000000011005170000000004266000000000000000000000000001000005252460108JEAN LUCAS BARBOSA DOS SANTOS           CAMPO GRANDE                            00000000000 7995000000000                                                       000006
1AAA            ABB                            172300059      20170210 N B0512    00000000000002            0100000300053006170000000106766         KS230617000000000000000011006170000000004266000000000000000000000000001000005252460108JEAN LUCAS BARBOSA DOS SANTOS           CAMPO GRANDE                            00000000000 7995000000000                                                       000007
1AAA            ABB                            172300067      20170210 N B0612    00000000000002            0100000300063107170000000106766         KS240717000000000000000011007170000000004266000000000000000000000000001000005252460108JEAN LUCAS BARBOSA DOS SANTOS           CAMPO GRANDE                            00000000000 7995000000000                                                       000008
1AAA            ABB                            172300075      20170210 N B0712    00000000000002            0100000300073108170000000085266         KS240817000000000000000011008170000000004266000000000000000000000000001000005252460108JEAN LUCAS BARBOSA DOS SANTOS           CAMPO GRANDE                            00000000000 7995000000000                                                       000009
1AAA            ABB                            172300083      20170210 N B0812    00000000000002            0100000300083009170000000085266         KS230917000000000000000011009170000000004266000000000000000000000000001000005252460108JEAN LUCAS BARBOSA DOS SANTOS           CAMPO GRANDE                            00000000000 7995000000000                                                       000010
1AAA            ABB                            172300091      20170210 N B0912    00000000000002            0100000300093110170000000085266         KS241017000000000000000011010170000000004266000000000000000000000000001000005252460108JEAN LUCAS BARBOSA DOS SANTOS           CAMPO GRANDE                            00000000000 7995000000000                                                       000011
1AAA            ABB                            172300105      20170210 N B1012    00000000000002            0100000300103011170000000085266         KS231117000000000000000011011170000000004266000000000000000000000000001000005252460108JEAN LUCAS BARBOSA DOS SANTOS           CAMPO GRANDE                            00000000000 7995000000000                                                       000012
1AAA            ABB                            172300113      20170210 N B1112    00000000000002            0100000300113112170000000085266         KS241217000000000000000011012170000000004266000000000000000000000000001000005252460108JEAN LUCAS BARBOSA DOS SANTOS           CAMPO GRANDE                            00000000000 7995000000000                                                       000013
1AAA            ABB                            172300121      20170210 N B1212    00000000000002            0100000300122802170000000070476         KS210217000000000000000012002170000000002276000000000000000000000000001000038559919104AFONSO FREITAS CENTURION                ANDRE GOMES BRANDAO                     00000000000 7981015000000                                                       000014
1AAA            ABB                            172300130      20170210 N B0210    00000000000002            0100000300133103170000000070476         KS240317000000000000000011003170000000002276000000000000000000000000001000038559919104AFONSO FREITAS CENTURION                ANDRE GOMES BRANDAO                     00000000000 7981015000000                                                       000015
1AAA            ABB                            172300148      20170210 N B0310    00000000000002            0100000300143004170000000070476         KS230417000000000000000011004170000000002276000000000000000000000000001000038559919104AFONSO FREITAS CENTURION                ANDRE GOMES BRANDAO                     00000000000 7981015000000                                                       000016
1AAA            ABB                            172300156      20170210 N B0410    00000000000002            0100000300153105170000000045476         KS240517000000000000000011005170000000002276000000000000000000000000001000038559919104AFONSO FREITAS CENTURION                ANDRE GOMES BRANDAO                     00000000000 7981015000000                                                       000017
1AAA            ABB                            172300164      20170210 N B0510    00000000000002            0100000300163006170000000045476         KS230617000000000000000011006170000000002276000000000000000000000000001000038559919104AFONSO FREITAS CENTURION                ANDRE GOMES BRANDAO                     00000000000 7981015000000                                                       000018
1AAA            ABB                            172300172      20170210 N B0610    00000000000002            0100000300173107170000000045476         KS240717000000000000000011007170000000002276000000000000000000000000001000038559919104AFONSO FREITAS CENTURION                ANDRE GOMES BRANDAO                     00000000000 7981015000000                                                       000019
1AAA            ABB                            172300180      20170210 N B0710    00000000000002            0100000300183108170000000045476         KS240817000000000000000011008170000000002276000000000000000000000000001000038559919104AFONSO FREITAS CENTURION                ANDRE GOMES BRANDAO                     00000000000 7981015000000                                                       000020
1AAA            ABB                            172300199      20170210 N B0810    00000000000002            0100000300193009170000000045476         KS230917000000000000000011009170000000002276000000000000000000000000001000038559919104AFONSO FREITAS CENTURION                ANDRE GOMES BRANDAO                     00000000000 7981015000000                                                       000021
1AAA            ABB                            172300202      20170210 N B0910    00000000000002            0100000300203110170000000045476         KS241017000000000000000011010170000000002276000000000000000000000000001000038559919104AFONSO FREITAS CENTURION                ANDRE GOMES BRANDAO                     00000000000 7981015000000                                                       000022
1AAA            ABB                            172300210      20170210 N B1010    00000000000002            0100000300213011170000000045476         KS231117000000000000000011011170000000002276000000000000000000000000001000038559919104AFONSO FREITAS CENTURION                ANDRE GOMES BRANDAO                     00000000000 7981015000000                                                       000023
9174826431                                                                                                                                                                                                                                                                                                                                                                                                000024
