01REMESSA01COBRANCA       2643103361110000177                               748SICREDI        20170308        0000052                                                                                                                                                                                                                                                                                 2.00000001
1AAA            AAB                            172315188      20170308 N B0000    00000000000002            0100000315182802170000000115952         KS210217000000000000000012002170000000004552000000000000000000000000001000030880033134TEREZINHA DE JESUS NANTES FERREIRA SIENAAMAEL POMPEL FILHO                      00000000000 7982337000000                                                       000002
1AAA            AAB                            172315196      20170308 N B0210    00000000000002            0100000315193103170000000115952         KS240317000000000000000011003170000000004552000000000000000000000000001000030880033134TEREZINHA DE JESUS NANTES FERREIRA SIENAAMAEL POMPEL FILHO                      00000000000 7982337000000                                                       000003
1AAA            AAB                            172315200      20170308 N B0310    00000000000002            0100000315203004170000000115952         KS230417000000000000000011004170000000004552000000000000000000000000001000030880033134TEREZINHA DE JESUS NANTES FERREIRA SIENAAMAEL POMPEL FILHO                      00000000000 7982337000000                                                       000004
1AAA            AAB                            172315218      20170308 N B0410    00000000000002            0100000315213105170000000090952         KS240517000000000000000011005170000000004552000000000000000000000000001000030880033134TEREZINHA DE JESUS NANTES FERREIRA SIENAAMAEL POMPEL FILHO                      00000000000 7982337000000                                                       000005
1AAA            AAB                            172315226      20170308 N B0510    00000000000002            0100000315223006170000000090952         KS230617000000000000000011006170000000004552000000000000000000000000001000030880033134TEREZINHA DE JESUS NANTES FERREIRA SIENAAMAEL POMPEL FILHO                      00000000000 7982337000000                                                       000006
1AAA            AAB                            172315234      20170308 N B0610    00000000000002            0100000315233107170000000090952         KS240717000000000000000011007170000000004552000000000000000000000000001000030880033134TEREZINHA DE JESUS NANTES FERREIRA SIENAAMAEL POMPEL FILHO                      00000000000 7982337000000                                                       000007
1AAA            AAB                            172315242      20170308 N B0710    00000000000002            0100000315243108170000000090952         KS240817000000000000000011008170000000004552000000000000000000000000001000030880033134TEREZINHA DE JESUS NANTES FERREIRA SIENAAMAEL POMPEL FILHO                      00000000000 7982337000000                                                       000008
1AAA            AAB                            172315250      20170308 N B0810    00000000000002            0100000315253009170000000090952         KS230917000000000000000011009170000000004552000000000000000000000000001000030880033134TEREZINHA DE JESUS NANTES FERREIRA SIENAAMAEL POMPEL FILHO                      00000000000 7982337000000                                                       000009
1AAA            AAB                            172315269      20170308 N B0910    00000000000002            0100000315263110170000000090952         KS241017000000000000000011010170000000004552000000000000000000000000001000030880033134TEREZINHA DE JESUS NANTES FERREIRA SIENAAMAEL POMPEL FILHO                      00000000000 7982337000000                                                       000010
1AAA            AAB                            172315277      20170308 N B1010    00000000000002            0100000315273011170000000090952         KS231117000000000000000011011170000000004552000000000000000000000000001000030880033134TEREZINHA DE JESUS NANTES FERREIRA SIENAAMAEL POMPEL FILHO                      00000000000 7982337000000                                                       000011
1AAA            AAB                            172315382      20170308 N B1110    00000000000002            0100000315382802170000000098899         KS210217000000000000000012002170000000003699000000000000000000000000001000048090549187ROSA PAULINA RAMOS LOPES                HELIO VASQUEZ                           00000000000 7982201100000                                                       000012
1AAA            AAB                            172315390      20170308 N B0210    00000000000002            0100000315393103170000000098899         KS240317000000000000000011003170000000003699000000000000000000000000001000048090549187ROSA PAULINA RAMOS LOPES                HELIO VASQUEZ                           00000000000 7982201100000                                                       000013
1AAA            AAB                            172315404      20170308 N B0310    00000000000002            0100000315403004170000000098899         KS230417000000000000000011004170000000003699000000000000000000000000001000048090549187ROSA PAULINA RAMOS LOPES                HELIO VASQUEZ                           00000000000 7982201100000                                                       000014
1AAA            AAB                            172315412      20170308 N B0410    00000000000002            0100000315413105170000000073899         KS240517000000000000000011005170000000003699000000000000000000000000001000048090549187ROSA PAULINA RAMOS LOPES                HELIO VASQUEZ                           00000000000 7982201100000                                                       000015
1AAA            AAB                            172315420      20170308 N B0510    00000000000002            0100000315423006170000000073899         KS230617000000000000000011006170000000003699000000000000000000000000001000048090549187ROSA PAULINA RAMOS LOPES                HELIO VASQUEZ                           00000000000 7982201100000                                                       000016
1AAA            AAB                            172315439      20170308 N B0610    00000000000002            0100000315433107170000000073899         KS240717000000000000000011007170000000003699000000000000000000000000001000048090549187ROSA PAULINA RAMOS LOPES                HELIO VASQUEZ                           00000000000 7982201100000                                                       000017
1AAA            AAB                            172315447      20170308 N B0710    00000000000002            0100000315443108170000000073899         KS240817000000000000000011008170000000003699000000000000000000000000001000048090549187ROSA PAULINA RAMOS LOPES                HELIO VASQUEZ                           00000000000 7982201100000                                                       000018
1AAA            AAB                            172315455      20170308 N B0810    00000000000002            0100000315453009170000000073899         KS230917000000000000000011009170000000003699000000000000000000000000001000048090549187ROSA PAULINA RAMOS LOPES                HELIO VASQUEZ                           00000000000 7982201100000                                                       000019
1AAA            AAB                            172315463      20170308 N B0910    00000000000002            0100000315463110170000000073899         KS241017000000000000000011010170000000003699000000000000000000000000001000048090549187ROSA PAULINA RAMOS LOPES                HELIO VASQUEZ                           00000000000 7982201100000                                                       000020
1AAA            AAB                            172315471      20170308 N B1010    00000000000002            0100000315473011170000000073899         KS231117000000000000000011011170000000003699000000000000000000000000001000048090549187ROSA PAULINA RAMOS LOPES                HELIO VASQUEZ                           00000000000 7982201100000                                                       000021
1AAA            AAB                            172315587      20170308 N B1110    00000000000002            0100000315582802170000000081845         KS210217000000000000000012002170000000002845000000000000000000000000001000048079170134MARIA MADALENA BOREGIO DE PAULA         LUIS DORETO                             00000000000 7989000000000                                                       000022
1AAA            AAB                            172315595      20170308 N B0210    00000000000002            0100000315593103170000000081845         KS240317000000000000000011003170000000002845000000000000000000000000001000048079170134MARIA MADALENA BOREGIO DE PAULA         LUIS DORETO                             00000000000 7989000000000                                                       000023
1AAA            AAB                            172315609      20170308 N B0310    00000000000002            0100000315603004170000000081845         KS230417000000000000000011004170000000002845000000000000000000000000001000048079170134MARIA MADALENA BOREGIO DE PAULA         LUIS DORETO                             00000000000 7989000000000                                                       000024
1AAA            AAB                            172315617      20170308 N B0410    00000000000002            0100000315613105170000000081845         KS240517000000000000000011005170000000002845000000000000000000000000001000048079170134MARIA MADALENA BOREGIO DE PAULA         LUIS DORETO                             00000000000 7989000000000                                                       000025
1AAA            AAB                            172315625      20170308 N B0510    00000000000002            0100000315623006170000000081845         KS230617000000000000000011006170000000002845000000000000000000000000001000048079170134MARIA MADALENA BOREGIO DE PAULA         LUIS DORETO                             00000000000 7989000000000                                                       000026
1AAA            AAB                            172315633      20170308 N B0610    00000000000002            0100000315633107170000000081845         KS240717000000000000000011007170000000002845000000000000000000000000001000048079170134MARIA MADALENA BOREGIO DE PAULA         LUIS DORETO                             00000000000 7989000000000                                                       000027
1AAA            AAB                            172315641      20170308 N B0710    00000000000002            0100000315643108170000000081845         KS240817000000000000000011008170000000002845000000000000000000000000001000048079170134MARIA MADALENA BOREGIO DE PAULA         LUIS DORETO                             00000000000 7989000000000                                                       000028
1AAA            AAB                            172315650      20170308 N B0810    00000000000002            0100000315653009170000000081845         KS230917000000000000000011009170000000002845000000000000000000000000001000048079170134MARIA MADALENA BOREGIO DE PAULA         LUIS DORETO                             00000000000 7989000000000                                                       000029
1AAA            AAB                            172315668      20170308 N B0910    00000000000002            0100000315663110170000000081845         KS241017000000000000000011010170000000002845000000000000000000000000001000048079170134MARIA MADALENA BOREGIO DE PAULA         LUIS DORETO                             00000000000 7989000000000                                                       000030
1AAA            AAB                            172315676      20170308 N B1010    00000000000002            0100000315673011170000000081845         KS231117000000000000000011011170000000002845000000000000000000000000001000048079170134MARIA MADALENA BOREGIO DE PAULA         LUIS DORETO                             00000000000 7989000000000                                                       000031
1AAA            AAB                            172315889      20170308 N B1110    00000000000002            0100000315882802170000000115952         KS210217000000000000000012002170000000004552000000000000000000000000001000004940798194WESLEN SEDLACEK SILVA                   JOAO ROSA GOES                          00000000000 7980402000000                                                       000032
1AAA            AAB                            172315897      20170308 N B0210    00000000000002            0100000315893103170000000115952         KS240317000000000000000011003170000000004552000000000000000000000000001000004940798194WESLEN SEDLACEK SILVA                   JOAO ROSA GOES                          00000000000 7980402000000                                                       000033
1AAA            AAB                            172315900      20170308 N B0310    00000000000002            0100000315903004170000000115952         KS230417000000000000000011004170000000004552000000000000000000000000001000004940798194WESLEN SEDLACEK SILVA                   JOAO ROSA GOES                          00000000000 7980402000000                                                       000034
1AAA            AAB                            172315919      20170308 N B0410    00000000000002            0100000315913105170000000115952         KS240517000000000000000011005170000000004552000000000000000000000000001000004940798194WESLEN SEDLACEK SILVA                   JOAO ROSA GOES                          00000000000 7980402000000                                                       000035
1AAA            AAB                            172315927      20170308 N B0510    00000000000002            0100000315923006170000000115952         KS230617000000000000000011006170000000004552000000000000000000000000001000004940798194WESLEN SEDLACEK SILVA                   JOAO ROSA GOES                          00000000000 7980402000000                                                       000036
1AAA            AAB                            172315935      20170308 N B0610    00000000000002            0100000315933107170000000115952         KS240717000000000000000011007170000000004552000000000000000000000000001000004940798194WESLEN SEDLACEK SILVA                   JOAO ROSA GOES                          00000000000 7980402000000                                                       000037
1AAA            AAB                            172315943      20170308 N B0710    00000000000002            0100000315943108170000000115952         KS240817000000000000000011008170000000004552000000000000000000000000001000004940798194WESLEN SEDLACEK SILVA                   JOAO ROSA GOES                          00000000000 7980402000000                                                       000038
1AAA            AAB                            172315951      20170308 N B0810    00000000000002            0100000315953009170000000115952         KS230917000000000000000011009170000000004552000000000000000000000000001000004940798194WESLEN SEDLACEK SILVA                   JOAO ROSA GOES                          00000000000 7980402000000                                                       000039
1AAA            AAB                            172315960      20170308 N B0910    00000000000002            0100000315963110170000000115952         KS241017000000000000000011010170000000004552000000000000000000000000001000004940798194WESLEN SEDLACEK SILVA                   JOAO ROSA GOES                          00000000000 7980402000000                                                       000040
1AAA            AAB                            172315978      20170308 N B1010    00000000000002            0100000315973011170000000115952         KS231117000000000000000011011170000000004552000000000000000000000000001000004940798194WESLEN SEDLACEK SILVA                   JOAO ROSA GOES                          00000000000 7980402000000                                                       000041
1AAA            AAB                            172315480      20170308 N B1110    00000000000002            0100000315482802170000000104583         KS210217000000000000000012002170000000003983000000000000000000000000001000025689428191CIMARA MORAES QUEIROZ                   OSMAN AHAMAD GEBARA                     00000000000 7982346100000                                                       000042
1AAA            AAB                            172315498      20170308 N B0210    00000000000002            0100000315493103170000000104583         KS240317000000000000000011003170000000003983000000000000000000000000001000025689428191CIMARA MORAES QUEIROZ                   OSMAN AHAMAD GEBARA                     00000000000 7982346100000                                                       000043
1AAA            AAB                            172315501      20170308 N B0310    00000000000002            0100000315503004170000000104583         KS230417000000000000000011004170000000003983000000000000000000000000001000025689428191CIMARA MORAES QUEIROZ                   OSMAN AHAMAD GEBARA                     00000000000 7982346100000                                                       000044
1AAA            AAB                            172315510      20170308 N B0410    00000000000002            0100000315513105170000000079583         KS240517000000000000000011005170000000003983000000000000000000000000001000025689428191CIMARA MORAES QUEIROZ                   OSMAN AHAMAD GEBARA                     00000000000 7982346100000                                                       000045
1AAA            AAB                            172315528      20170308 N B0510    00000000000002            0100000315523006170000000079583         KS230617000000000000000011006170000000003983000000000000000000000000001000025689428191CIMARA MORAES QUEIROZ                   OSMAN AHAMAD GEBARA                     00000000000 7982346100000                                                       000046
1AAA            AAB                            172315536      20170308 N B0610    00000000000002            0100000315533107170000000079583         KS240717000000000000000011007170000000003983000000000000000000000000001000025689428191CIMARA MORAES QUEIROZ                   OSMAN AHAMAD GEBARA                     00000000000 7982346100000                                                       000047
1AAA            AAB                            172315544      20170308 N B0710    00000000000002            0100000315543108170000000079583         KS240817000000000000000011008170000000003983000000000000000000000000001000025689428191CIMARA MORAES QUEIROZ                   OSMAN AHAMAD GEBARA                     00000000000 7982346100000                                                       000048
1AAA            AAB                            172315552      20170308 N B0810    00000000000002            0100000315553009170000000079583         KS230917000000000000000011009170000000003983000000000000000000000000001000025689428191CIMARA MORAES QUEIROZ                   OSMAN AHAMAD GEBARA                     00000000000 7982346100000                                                       000049
1AAA            AAB                            172315560      20170308 N B0910    00000000000002            0100000315563110170000000079583         KS241017000000000000000011010170000000003983000000000000000000000000001000025689428191CIMARA MORAES QUEIROZ                   OSMAN AHAMAD GEBARA                     00000000000 7982346100000                                                       000050
1AAA            AAB                            172315579      20170308 N B1010    00000000000002            0100000315573011170000000079583         KS231117000000000000000011011170000000003983000000000000000000000000001000025689428191CIMARA MORAES QUEIROZ                   OSMAN AHAMAD GEBARA                     00000000000 7982346100000                                                       000051
1AAA            AAB                            172315285      20170308 N B1110    00000000000002            0100000315282802170000000127321         KS210217000000000000000012002170000000005121000000000000000000000000001000080227600134CLEITO RENATO NANTES DA SILVEIRA        JUSTINO AMARO DE MATTOS                 00000000000 7983013000000                                                       000052
1AAA            AAB                            172315293      20170308 N B0210    00000000000002            0100000315293103170000000127321         KS240317000000000000000011003170000000005121000000000000000000000000001000080227600134CLEITO RENATO NANTES DA SILVEIRA        JUSTINO AMARO DE MATTOS                 00000000000 7983013000000                                                       000053
1AAA            AAB                            172315307      20170308 N B0310    00000000000002            0100000315303004170000000127321         KS230417000000000000000011004170000000005121000000000000000000000000001000080227600134CLEITO RENATO NANTES DA SILVEIRA        JUSTINO AMARO DE MATTOS                 00000000000 7983013000000                                                       000054
1AAA            AAB                            172315315      20170308 N B0410    00000000000002            0100000315313105170000000127321         KS240517000000000000000011005170000000005121000000000000000000000000001000080227600134CLEITO RENATO NANTES DA SILVEIRA        JUSTINO AMARO DE MATTOS                 00000000000 7983013000000                                                       000055
1AAA            AAB                            172315323      20170308 N B0510    00000000000002            0100000315323006170000000127321         KS230617000000000000000011006170000000005121000000000000000000000000001000080227600134CLEITO RENATO NANTES DA SILVEIRA        JUSTINO AMARO DE MATTOS                 00000000000 7983013000000                                                       000056
1AAA            AAB                            172315331      20170308 N B0610    00000000000002            0100000315333107170000000127321         KS240717000000000000000011007170000000005121000000000000000000000000001000080227600134CLEITO RENATO NANTES DA SILVEIRA        JUSTINO AMARO DE MATTOS                 00000000000 7983013000000                                                       000057
1AAA            AAB                            172315340      20170308 N B0710    00000000000002            0100000315343108170000000127321         KS240817000000000000000011008170000000005121000000000000000000000000001000080227600134CLEITO RENATO NANTES DA SILVEIRA        JUSTINO AMARO DE MATTOS                 00000000000 7983013000000                                                       000058
1AAA            AAB                            172315358      20170308 N B0810    00000000000002            0100000315353009170000000127321         KS230917000000000000000011009170000000005121000000000000000000000000001000080227600134CLEITO RENATO NANTES DA SILVEIRA        JUSTINO AMARO DE MATTOS                 00000000000 7983013000000                                                       000059
1AAA            AAB                            172315366      20170308 N B0910    00000000000002            0100000315363110170000000127321         KS241017000000000000000011010170000000005121000000000000000000000000001000080227600134CLEITO RENATO NANTES DA SILVEIRA        JUSTINO AMARO DE MATTOS                 00000000000 7983013000000                                                       000060
1AAA            AAB                            172315374      20170308 N B1010    00000000000002            0100000315373011170000000127321         KS231117000000000000000011011170000000005121000000000000000000000000001000080227600134CLEITO RENATO NANTES DA SILVEIRA        JUSTINO AMARO DE MATTOS                 00000000000 7983013000000                                                       000061
1AAA            AAB                            172315684      20170308 N B1110    00000000000002            0100000315683103170000000081845         KS240317000000000000000011003170000000002845000000000000000000000000001000002492670988ELMO PONTES DE MELO                     GENERAL OSORIO                          00000000000 7982406000000                                                       000062
1AAA            AAB                            172315692      20170308 N B0310    00000000000002            0100000315693004170000000081845         KS230417000000000000000011004170000000002845000000000000000000000000001000002492670988ELMO PONTES DE MELO                     GENERAL OSORIO                          00000000000 7982406000000                                                       000063
1AAA            AAB                            172315706      20170308 N B0410    00000000000002            0100000315703105170000000081845         KS240517000000000000000011005170000000002845000000000000000000000000001000002492670988ELMO PONTES DE MELO                     GENERAL OSORIO                          00000000000 7982406000000                                                       000064
1AAA            AAB                            172315714      20170308 N B0510    00000000000002            0100000315713006170000000081845         KS230617000000000000000011006170000000002845000000000000000000000000001000002492670988ELMO PONTES DE MELO                     GENERAL OSORIO                          00000000000 7982406000000                                                       000065
1AAA            AAB                            172315722      20170308 N B0610    00000000000002            0100000315723107170000000081845         KS240717000000000000000011007170000000002845000000000000000000000000001000002492670988ELMO PONTES DE MELO                     GENERAL OSORIO                          00000000000 7982406000000                                                       000066
1AAA            AAB                            172315730      20170308 N B0710    00000000000002            0100000315733108170000000081845         KS240817000000000000000011008170000000002845000000000000000000000000001000002492670988ELMO PONTES DE MELO                     GENERAL OSORIO                          00000000000 7982406000000                                                       000067
1AAA            AAB                            172315749      20170308 N B0810    00000000000002            0100000315743009170000000081845         KS230917000000000000000011009170000000002845000000000000000000000000001000002492670988ELMO PONTES DE MELO                     GENERAL OSORIO                          00000000000 7982406000000                                                       000068
1AAA            AAB                            172315757      20170308 N B0910    00000000000002            0100000315753110170000000081845         KS241017000000000000000011010170000000002845000000000000000000000000001000002492670988ELMO PONTES DE MELO                     GENERAL OSORIO                          00000000000 7982406000000                                                       000069
1AAA            AAB                            172315765      20170308 N B1010    00000000000002            0100000315763011170000000081845         KS231117000000000000000011011170000000002845000000000000000000000000001000002492670988ELMO PONTES DE MELO                     GENERAL OSORIO                          00000000000 7982406000000                                                       000070
1AAA            AAB                            172315773      20170308 N B1110    00000000000002            0100000315773112170000000081845         KS241217000000000000000011012170000000002845000000000000000000000000001000002492670988ELMO PONTES DE MELO                     GENERAL OSORIO                          00000000000 7982406000000                                                       000071
1AAA            AAB                            172315781      20170308 N B1210    00000000000002            0100000315783103170000000127321         KS240317000000000000000011003170000000005121000000000000000000000000001000007349238134NOE NOGUEIRA FILHO                      AURORA AUGUSTO DE MATOS                 00000000000 7982311500000                                                       000072
1AAA            AAB                            172315790      20170308 N B0310    00000000000002            0100000315793004170000000127321         KS230417000000000000000011004170000000005121000000000000000000000000001000007349238134NOE NOGUEIRA FILHO                      AURORA AUGUSTO DE MATOS                 00000000000 7982311500000                                                       000073
1AAA            AAB                            172315803      20170308 N B0410    00000000000002            0100000315803105170000000127321         KS240517000000000000000011005170000000005121000000000000000000000000001000007349238134NOE NOGUEIRA FILHO                      AURORA AUGUSTO DE MATOS                 00000000000 7982311500000                                                       000074
1AAA            AAB                            172315811      20170308 N B0510    00000000000002            0100000315813006170000000127321         KS230617000000000000000011006170000000005121000000000000000000000000001000007349238134NOE NOGUEIRA FILHO                      AURORA AUGUSTO DE MATOS                 00000000000 7982311500000                                                       000075
1AAA            AAB                            172315820      20170308 N B0610    00000000000002            0100000315823107170000000127321         KS240717000000000000000011007170000000005121000000000000000000000000001000007349238134NOE NOGUEIRA FILHO                      AURORA AUGUSTO DE MATOS                 00000000000 7982311500000                                                       000076
1AAA            AAB                            172315838      20170308 N B0710    00000000000002            0100000315833108170000000127321         KS240817000000000000000011008170000000005121000000000000000000000000001000007349238134NOE NOGUEIRA FILHO                      AURORA AUGUSTO DE MATOS                 00000000000 7982311500000                                                       000077
1AAA            AAB                            172315846      20170308 N B0810    00000000000002            0100000315843009170000000127321         KS230917000000000000000011009170000000005121000000000000000000000000001000007349238134NOE NOGUEIRA FILHO                      AURORA AUGUSTO DE MATOS                 00000000000 7982311500000                                                       000078
1AAA            AAB                            172315854      20170308 N B0910    00000000000002            0100000315853110170000000127321         KS241017000000000000000011010170000000005121000000000000000000000000001000007349238134NOE NOGUEIRA FILHO                      AURORA AUGUSTO DE MATOS                 00000000000 7982311500000                                                       000079
1AAA            AAB                            172315862      20170308 N B1010    00000000000002            0100000315863011170000000127321         KS231117000000000000000011011170000000005121000000000000000000000000001000007349238134NOE NOGUEIRA FILHO                      AURORA AUGUSTO DE MATOS                 00000000000 7982311500000                                                       000080
1AAA            AAB                            172315870      20170308 N B1110    00000000000002            0100000315873112170000000127321         KS241217000000000000000011012170000000005121000000000000000000000000001000007349238134NOE NOGUEIRA FILHO                      AURORA AUGUSTO DE MATOS                 00000000000 7982311500000                                                       000081
9174826431                                                                                                                                                                                                                                                                                                                                                                                                000082
