01REMESSA01COBRANCA       2643103361110000177                               748SICREDI        20170213        0000035                                                                                                                                                                                                                                                                                 2.00000001
1AAA            AAB                            172310372      20170213 N B0000    00000000000002            0100000310372802170000000121637         KS210217000000000000000012002170000000004837000000000000000000000000001000078224837149IVANA VIANA DE FRANCA                   PRESIDENTE VARGAS                       00000000000 7980403000000                                                       000002
1AAA            AAB                            172310380      20170213 N B0210    00000000000002            0100000310383103170000000096637         KS240317000000000000000011003170000000004837000000000000000000000000001000078224837149IVANA VIANA DE FRANCA                   PRESIDENTE VARGAS                       00000000000 7980403000000                                                       000003
1AAA            AAB                            172310399      20170213 N B0310    00000000000002            0100000310393004170000000096637         KS230417000000000000000011004170000000004837000000000000000000000000001000078224837149IVANA VIANA DE FRANCA                   PRESIDENTE VARGAS                       00000000000 7980403000000                                                       000004
1AAA            AAB                            172310402      20170213 N B0410    00000000000002            0100000310403105170000000096637         KS240517000000000000000011005170000000004837000000000000000000000000001000078224837149IVANA VIANA DE FRANCA                   PRESIDENTE VARGAS                       00000000000 7980403000000                                                       000005
1AAA            AAB                            172310410      20170213 N B0510    00000000000002            0100000310413006170000000096637         KS230617000000000000000011006170000000004837000000000000000000000000001000078224837149IVANA VIANA DE FRANCA                   PRESIDENTE VARGAS                       00000000000 7980403000000                                                       000006
1AAA            AAB                            172310429      20170213 N B0610    00000000000002            0100000310423107170000000096637         KS240717000000000000000011007170000000004837000000000000000000000000001000078224837149IVANA VIANA DE FRANCA                   PRESIDENTE VARGAS                       00000000000 7980403000000                                                       000007
1AAA            AAB                            172310437      20170213 N B0710    00000000000002            0100000310433108170000000096637         KS240817000000000000000011008170000000004837000000000000000000000000001000078224837149IVANA VIANA DE FRANCA                   PRESIDENTE VARGAS                       00000000000 7980403000000                                                       000008
1AAA            AAB                            172310445      20170213 N B0810    00000000000002            0100000310443009170000000096637         KS230917000000000000000011009170000000004837000000000000000000000000001000078224837149IVANA VIANA DE FRANCA                   PRESIDENTE VARGAS                       00000000000 7980403000000                                                       000009
1AAA            AAB                            172310453      20170213 N B0910    00000000000002            0100000310453110170000000096637         KS241017000000000000000011010170000000004837000000000000000000000000001000078224837149IVANA VIANA DE FRANCA                   PRESIDENTE VARGAS                       00000000000 7980403000000                                                       000010
1AAA            AAB                            172310461      20170213 N B1010    00000000000002            0100000310463011170000000096637         KS231117000000000000000011011170000000004837000000000000000000000000001000078224837149IVANA VIANA DE FRANCA                   PRESIDENTE VARGAS                       00000000000 7980403000000                                                       000011
9174826431                                                                                                                                                                                                                                                                                                                                                                                                000012
