01REMESSA01COBRANCA       2643103361110000177                               748SICREDI        20170125        0000024                                                                                                                                                                                                                                                                                 2.00000001
1AAA            AAB                            172000454      20170125AN B0000    00000000000002            3100000000452802170000000076060         KS210217000000000000000011002170000000003060000000000000000000000000001000005252460108JEAN LUCAS BARBOSA DOS SANTOS           CAMPO GRANDE                            00000000000 7995000000000                                                       000002
1AAA            AAB                            172000462      20170125AN B0211    00000000000002            3100000000463103170000000076060         KS240317000000000000000011003170000000003060000000000000000000000000001000005252460108JEAN LUCAS BARBOSA DOS SANTOS           CAMPO GRANDE                            00000000000 7995000000000                                                       000003
1AAA            AAB                            172000470      20170125AN B0311    00000000000002            3100000000473004170000000076060         KS230417000000000000000011004170000000003060000000000000000000000000001000005252460108JEAN LUCAS BARBOSA DOS SANTOS           CAMPO GRANDE                            00000000000 7995000000000                                                       000004
1AAA            AAB                            172000489      20170125AN B0411    00000000000002            3100000000483105170000000076060         KS240517000000000000000011005170000000003060000000000000000000000000001000005252460108JEAN LUCAS BARBOSA DOS SANTOS           CAMPO GRANDE                            00000000000 7995000000000                                                       000005
1AAA            AAB                            172000497      20170125AN B0511    00000000000002            3100000000493006170000000076060         KS230617000000000000000011006170000000003060000000000000000000000000001000005252460108JEAN LUCAS BARBOSA DOS SANTOS           CAMPO GRANDE                            00000000000 7995000000000                                                       000006
1AAA            AAB                            172000500      20170125AN B0611    00000000000002            3100000000503107170000000076060         KS240717000000000000000011007170000000003060000000000000000000000000001000005252460108JEAN LUCAS BARBOSA DOS SANTOS           CAMPO GRANDE                            00000000000 7995000000000                                                       000007
1AAA            AAB                            172000519      20170125AN B0711    00000000000002            3100000000513108170000000076060         KS240817000000000000000011008170000000003060000000000000000000000000001000005252460108JEAN LUCAS BARBOSA DOS SANTOS           CAMPO GRANDE                            00000000000 7995000000000                                                       000008
1AAA            AAB                            172000527      20170125AN B0811    00000000000002            3100000000523009170000000076060         KS230917000000000000000011009170000000003060000000000000000000000000001000005252460108JEAN LUCAS BARBOSA DOS SANTOS           CAMPO GRANDE                            00000000000 7995000000000                                                       000009
1AAA            AAB                            172000535      20170125AN B0911    00000000000002            3100000000533110170000000061060         KS241017000000000000000011010170000000003060000000000000000000000000001000005252460108JEAN LUCAS BARBOSA DOS SANTOS           CAMPO GRANDE                            00000000000 7995000000000                                                       000010
1AAA            AAB                            172000543      20170125AN B1011    00000000000002            3100000000543011170000000061060         KS231117000000000000000011011170000000003060000000000000000000000000001000005252460108JEAN LUCAS BARBOSA DOS SANTOS           CAMPO GRANDE                            00000000000 7995000000000                                                       000011
1AAA            AAB                            172000551      20170125AN B1111    00000000000002            3100000000553112170000000061060         KS241217000000000000000011012170000000003060000000000000000000000000001000005252460108JEAN LUCAS BARBOSA DOS SANTOS           CAMPO GRANDE                            00000000000 7995000000000                                                       000012
9174826431                                                                                                                                                                                                                                                                                                                                                                                                000013
