01REMESSA01COBRANCA       2643103361110000177                               748SICREDI        20170301        0000049                                                                                                                                                                                                                                                                                 2.00000001
1AAA            AAB                            172041916      20170301 N B0000    00000000000002            0100000041913103170000000045530         KS240317000000000000000011003170000000001530000000000000000000000000001000001308956100RAFAELA PEREIRA RIBAS GONCALVES         NOSSA SENHORA DE FATIMA                 00000000000 7970000000000                                                       000002
1AAA            AAB                            172041924      20170301 N B0311    00000000000002            0100000041923004170000000045530         KS230417000000000000000011004170000000001530000000000000000000000000001000001308956100RAFAELA PEREIRA RIBAS GONCALVES         NOSSA SENHORA DE FATIMA                 00000000000 7970000000000                                                       000003
1AAA            AAB                            172041932      20170301 N B0411    00000000000002            0100000041933105170000000045530         KS240517000000000000000011005170000000001530000000000000000000000000001000001308956100RAFAELA PEREIRA RIBAS GONCALVES         NOSSA SENHORA DE FATIMA                 00000000000 7970000000000                                                       000004
1AAA            AAB                            172041940      20170301 N B0511    00000000000002            0100000041943006170000000045530         KS230617000000000000000011006170000000001530000000000000000000000000001000001308956100RAFAELA PEREIRA RIBAS GONCALVES         NOSSA SENHORA DE FATIMA                 00000000000 7970000000000                                                       000005
1AAA            AAB                            172041959      20170301 N B0611    00000000000002            0100000041953107170000000045530         KS240717000000000000000011007170000000001530000000000000000000000000001000001308956100RAFAELA PEREIRA RIBAS GONCALVES         NOSSA SENHORA DE FATIMA                 00000000000 7970000000000                                                       000006
1AAA            AAB                            172041967      20170301 N B0711    00000000000002            0100000041963108170000000045530         KS240817000000000000000011008170000000001530000000000000000000000000001000001308956100RAFAELA PEREIRA RIBAS GONCALVES         NOSSA SENHORA DE FATIMA                 00000000000 7970000000000                                                       000007
1AAA            AAB                            172041975      20170301 N B0811    00000000000002            0100000041973009170000000045530         KS230917000000000000000011009170000000001530000000000000000000000000001000001308956100RAFAELA PEREIRA RIBAS GONCALVES         NOSSA SENHORA DE FATIMA                 00000000000 7970000000000                                                       000008
1AAA            AAB                            172041983      20170301 N B0911    00000000000002            0100000041983110170000000030530         KS241017000000000000000011010170000000001530000000000000000000000000001000001308956100RAFAELA PEREIRA RIBAS GONCALVES         NOSSA SENHORA DE FATIMA                 00000000000 7970000000000                                                       000009
1AAA            AAB                            172041991      20170301 N B1011    00000000000002            0100000041993011170000000030530         KS231117000000000000000011011170000000001530000000000000000000000000001000001308956100RAFAELA PEREIRA RIBAS GONCALVES         NOSSA SENHORA DE FATIMA                 00000000000 7970000000000                                                       000010
1AAA            AAB                            172042009      20170301 N B1111    00000000000002            0100000042003112170000000030530         KS241217000000000000000011012170000000001530000000000000000000000000001000001308956100RAFAELA PEREIRA RIBAS GONCALVES         NOSSA SENHORA DE FATIMA                 00000000000 7970000000000                                                       000011
1AAA            AAB                            172000993      20170301 N B1211    00000000000002            0100000000993103170000000060795         KS240317000000000000000011003170000000002295000000000000000000000000001000000209854103ANDRE LUIZ MALERVA PERIN                IRACEMA                                 00000000000 7981323000000                                                       000012
1AAA            AAB                            172001000      20170301 N B0311    00000000000002            0100000001003004170000000060795         KS230417000000000000000011004170000000002295000000000000000000000000001000000209854103ANDRE LUIZ MALERVA PERIN                IRACEMA                                 00000000000 7981323000000                                                       000013
1AAA            AAB                            172001019      20170301 N B0411    00000000000002            0100000001013105170000000060795         KS240517000000000000000011005170000000002295000000000000000000000000001000000209854103ANDRE LUIZ MALERVA PERIN                IRACEMA                                 00000000000 7981323000000                                                       000014
1AAA            AAB                            172001027      20170301 N B0511    00000000000002            0100000001023006170000000060795         KS230617000000000000000011006170000000002295000000000000000000000000001000000209854103ANDRE LUIZ MALERVA PERIN                IRACEMA                                 00000000000 7981323000000                                                       000015
1AAA            AAB                            172001035      20170301 N B0611    00000000000002            0100000001033107170000000060795         KS240717000000000000000011007170000000002295000000000000000000000000001000000209854103ANDRE LUIZ MALERVA PERIN                IRACEMA                                 00000000000 7981323000000                                                       000016
1AAA            AAB                            172001043      20170301 N B0711    00000000000002            0100000001043108170000000060795         KS240817000000000000000011008170000000002295000000000000000000000000001000000209854103ANDRE LUIZ MALERVA PERIN                IRACEMA                                 00000000000 7981323000000                                                       000017
1AAA            AAB                            172001051      20170301 N B0811    00000000000002            0100000001053009170000000060795         KS230917000000000000000011009170000000002295000000000000000000000000001000000209854103ANDRE LUIZ MALERVA PERIN                IRACEMA                                 00000000000 7981323000000                                                       000018
1AAA            AAB                            172001060      20170301 N B0911    00000000000002            0100000001063110170000000045795         KS241017000000000000000011010170000000002295000000000000000000000000001000000209854103ANDRE LUIZ MALERVA PERIN                IRACEMA                                 00000000000 7981323000000                                                       000019
1AAA            AAB                            172001078      20170301 N B1011    00000000000002            0100000001073011170000000045795         KS231117000000000000000011011170000000002295000000000000000000000000001000000209854103ANDRE LUIZ MALERVA PERIN                IRACEMA                                 00000000000 7981323000000                                                       000020
1AAA            AAB                            172001086      20170301 N B1111    00000000000002            0100000001083112170000000045795         KS241217000000000000000011012170000000002295000000000000000000000000001000000209854103ANDRE LUIZ MALERVA PERIN                IRACEMA                                 00000000000 7981323000000                                                       000021
9174826431                                                                                                                                                                                                                                                                                                                                                                                                000022
