01REMESSA01COBRANCA       2643103361110000177                               748SICREDI        20170215        0000044                                                                                                                                                                                                                                                                                 2.00000001
1AAA            AAB                            172314483      20170215 N B0000    00000000000002            0100000314482802170000000127321         KS210217000000000000000012002170000000005121000000000000000000000000001000060044411120MILENE LEITE DE MORAES DA SILVA         DELMAR DE OLIVEIRA                      00000000000 7982511500000                                                       000002
1AAA            AAB                            172314491      20170215 N B0210    00000000000002            0100000314493103170000000127321         KS240317000000000000000011003170000000005121000000000000000000000000001000060044411120MILENE LEITE DE MORAES DA SILVA         DELMAR DE OLIVEIRA                      00000000000 7982511500000                                                       000003
1AAA            AAB                            172314505      20170215 N B0310    00000000000002            0100000314503004170000000127321         KS230417000000000000000011004170000000005121000000000000000000000000001000060044411120MILENE LEITE DE MORAES DA SILVA         DELMAR DE OLIVEIRA                      00000000000 7982511500000                                                       000004
1AAA            AAB                            172314513      20170215 N B0410    00000000000002            0100000314513105170000000102321         KS240517000000000000000011005170000000005121000000000000000000000000001000060044411120MILENE LEITE DE MORAES DA SILVA         DELMAR DE OLIVEIRA                      00000000000 7982511500000                                                       000005
1AAA            AAB                            172314521      20170215 N B0510    00000000000002            0100000314523006170000000102321         KS230617000000000000000011006170000000005121000000000000000000000000001000060044411120MILENE LEITE DE MORAES DA SILVA         DELMAR DE OLIVEIRA                      00000000000 7982511500000                                                       000006
1AAA            AAB                            172314530      20170215 N B0610    00000000000002            0100000314533107170000000102321         KS240717000000000000000011007170000000005121000000000000000000000000001000060044411120MILENE LEITE DE MORAES DA SILVA         DELMAR DE OLIVEIRA                      00000000000 7982511500000                                                       000007
1AAA            AAB                            172314548      20170215 N B0710    00000000000002            0100000314543108170000000102321         KS240817000000000000000011008170000000005121000000000000000000000000001000060044411120MILENE LEITE DE MORAES DA SILVA         DELMAR DE OLIVEIRA                      00000000000 7982511500000                                                       000008
1AAA            AAB                            172314556      20170215 N B0810    00000000000002            0100000314553009170000000102321         KS230917000000000000000011009170000000005121000000000000000000000000001000060044411120MILENE LEITE DE MORAES DA SILVA         DELMAR DE OLIVEIRA                      00000000000 7982511500000                                                       000009
1AAA            AAB                            172314564      20170215 N B0910    00000000000002            0100000314563110170000000102321         KS241017000000000000000011010170000000005121000000000000000000000000001000060044411120MILENE LEITE DE MORAES DA SILVA         DELMAR DE OLIVEIRA                      00000000000 7982511500000                                                       000010
1AAA            AAB                            172314572      20170215 N B1010    00000000000002            0100000314573011170000000102321         KS231117000000000000000011011170000000005121000000000000000000000000001000060044411120MILENE LEITE DE MORAES DA SILVA         DELMAR DE OLIVEIRA                      00000000000 7982511500000                                                       000011
1AAA            AAB                            172314386      20170215 N B1110    00000000000002            0100000314382802170000000127321         KS210217000000000000000012002170000000005121000000000000000000000000001000044797702168JOSE LOPES ALVES                        HAYEL BON FAKER                         00000000000 7980000000000                                                       000012
1AAA            AAB                            172314394      20170215 N B0210    00000000000002            0100000314393103170000000127321         KS240317000000000000000011003170000000005121000000000000000000000000001000044797702168JOSE LOPES ALVES                        HAYEL BON FAKER                         00000000000 7980000000000                                                       000013
1AAA            AAB                            172314408      20170215 N B0310    00000000000002            0100000314403004170000000127321         KS230417000000000000000011004170000000005121000000000000000000000000001000044797702168JOSE LOPES ALVES                        HAYEL BON FAKER                         00000000000 7980000000000                                                       000014
1AAA            AAB                            172314416      20170215 N B0410    00000000000002            0100000314413105170000000127321         KS240517000000000000000011005170000000005121000000000000000000000000001000044797702168JOSE LOPES ALVES                        HAYEL BON FAKER                         00000000000 7980000000000                                                       000015
1AAA            AAB                            172314424      20170215 N B0510    00000000000002            0100000314423006170000000127321         KS230617000000000000000011006170000000005121000000000000000000000000001000044797702168JOSE LOPES ALVES                        HAYEL BON FAKER                         00000000000 7980000000000                                                       000016
1AAA            AAB                            172314432      20170215 N B0610    00000000000002            0100000314433107170000000127321         KS240717000000000000000011007170000000005121000000000000000000000000001000044797702168JOSE LOPES ALVES                        HAYEL BON FAKER                         00000000000 7980000000000                                                       000017
1AAA            AAB                            172314440      20170215 N B0710    00000000000002            0100000314443108170000000127321         KS240817000000000000000011008170000000005121000000000000000000000000001000044797702168JOSE LOPES ALVES                        HAYEL BON FAKER                         00000000000 7980000000000                                                       000018
1AAA            AAB                            172314459      20170215 N B0810    00000000000002            0100000314453009170000000127321         KS230917000000000000000011009170000000005121000000000000000000000000001000044797702168JOSE LOPES ALVES                        HAYEL BON FAKER                         00000000000 7980000000000                                                       000019
1AAA            AAB                            172314467      20170215 N B0910    00000000000002            0100000314463110170000000127321         KS241017000000000000000011010170000000005121000000000000000000000000001000044797702168JOSE LOPES ALVES                        HAYEL BON FAKER                         00000000000 7980000000000                                                       000020
1AAA            AAB                            172314475      20170215 N B1010    00000000000002            0100000314473011170000000127321         KS231117000000000000000011011170000000005121000000000000000000000000001000044797702168JOSE LOPES ALVES                        HAYEL BON FAKER                         00000000000 7980000000000                                                       000021
1AAA            AAB                            172314580      20170215 N B1110    00000000000002            0100000314582802170000000121637         KS210217000000000000000012002170000000004837000000000000000000000000001000095394575134JULIANA BORGES LANGE                    GENERAL OSORIO                          00000000000 7984040000000                                                       000022
1AAA            AAB                            172314599      20170215 N B0210    00000000000002            0100000314593103170000000121637         KS240317000000000000000011003170000000004837000000000000000000000000001000095394575134JULIANA BORGES LANGE                    GENERAL OSORIO                          00000000000 7984040000000                                                       000023
1AAA            AAB                            172314602      20170215 N B0310    00000000000002            0100000314603004170000000121637         KS230417000000000000000011004170000000004837000000000000000000000000001000095394575134JULIANA BORGES LANGE                    GENERAL OSORIO                          00000000000 7984040000000                                                       000024
1AAA            AAB                            172314610      20170215 N B0410    00000000000002            0100000314613105170000000121637         KS240517000000000000000011005170000000004837000000000000000000000000001000095394575134JULIANA BORGES LANGE                    GENERAL OSORIO                          00000000000 7984040000000                                                       000025
1AAA            AAB                            172314629      20170215 N B0510    00000000000002            0100000314623006170000000121637         KS230617000000000000000011006170000000004837000000000000000000000000001000095394575134JULIANA BORGES LANGE                    GENERAL OSORIO                          00000000000 7984040000000                                                       000026
1AAA            AAB                            172314637      20170215 N B0610    00000000000002            0100000314633107170000000121637         KS240717000000000000000011007170000000004837000000000000000000000000001000095394575134JULIANA BORGES LANGE                    GENERAL OSORIO                          00000000000 7984040000000                                                       000027
1AAA            AAB                            172314645      20170215 N B0710    00000000000002            0100000314643108170000000121637         KS240817000000000000000011008170000000004837000000000000000000000000001000095394575134JULIANA BORGES LANGE                    GENERAL OSORIO                          00000000000 7984040000000                                                       000028
1AAA            AAB                            172314653      20170215 N B0810    00000000000002            0100000314653009170000000121637         KS230917000000000000000011009170000000004837000000000000000000000000001000095394575134JULIANA BORGES LANGE                    GENERAL OSORIO                          00000000000 7984040000000                                                       000029
1AAA            AAB                            172314661      20170215 N B0910    00000000000002            0100000314663110170000000121637         KS241017000000000000000011010170000000004837000000000000000000000000001000095394575134JULIANA BORGES LANGE                    GENERAL OSORIO                          00000000000 7984040000000                                                       000030
1AAA            AAB                            172314670      20170215 N B1010    00000000000002            0100000314673011170000000121637         KS231117000000000000000011011170000000004837000000000000000000000000001000095394575134JULIANA BORGES LANGE                    GENERAL OSORIO                          00000000000 7984040000000                                                       000031
9174826431                                                                                                                                                                                                                                                                                                                                                                                                000032
