01REMESSA01COBRANCA       2643103361110000177                               748SICREDI        20170316        0000053                                                                                                                                                                                                                                                                                 2.00000001
1AAA            AAB                            172032550      20170316 N B0000    00000000000002            0100000032552802170000000061610         KS210217000000000000000012002170000000002010000000000000000000000000001000070343381168LIDIANE MACHINSKI DA GAMA DE MATOS      ALAMEDA DAS ESMERALDAS                  00000000000 7981517000000                                                       000002
1AAA            AAB                            172042661      20170316 N B0211    00000000000002            0100000042663103170000000021500         KS240317000000000000000011003170000000000000000000000000000000000000001000095473939104ALYNE CUNHA DOS SANTOS MAZARIM          ADROALDO PIZZINI                        00000000000 7981010000000                                                       000003
1AAA            AAB                            172042670      20170316 N B0311    00000000000002            0100000042673004170000000021500         KS230417000000000000000011004170000000000000000000000000000000000000001000095473939104ALYNE CUNHA DOS SANTOS MAZARIM          ADROALDO PIZZINI                        00000000000 7981010000000                                                       000004
1AAA            AAB                            172042688      20170316 N B0411    00000000000002            0100000042683105170000000021500         KS240517000000000000000011005170000000000000000000000000000000000000001000095473939104ALYNE CUNHA DOS SANTOS MAZARIM          ADROALDO PIZZINI                        00000000000 7981010000000                                                       000005
1AAA            AAB                            172042696      20170316 N B0511    00000000000002            0100000042693006170000000021500         KS230617000000000000000011006170000000000000000000000000000000000000001000095473939104ALYNE CUNHA DOS SANTOS MAZARIM          ADROALDO PIZZINI                        00000000000 7981010000000                                                       000006
1AAA            AAB                            172042700      20170316 N B0611    00000000000002            0100000042703107170000000021500         KS240717000000000000000011007170000000000000000000000000000000000000001000095473939104ALYNE CUNHA DOS SANTOS MAZARIM          ADROALDO PIZZINI                        00000000000 7981010000000                                                       000007
1AAA            AAB                            172042718      20170316 N B0711    00000000000002            0100000042713108170000000021500         KS240817000000000000000011008170000000000000000000000000000000000000001000095473939104ALYNE CUNHA DOS SANTOS MAZARIM          ADROALDO PIZZINI                        00000000000 7981010000000                                                       000008
1AAA            AAB                            172042726      20170316 N B0811    00000000000002            0100000042723009170000000021500         KS230917000000000000000011009170000000000000000000000000000000000000001000095473939104ALYNE CUNHA DOS SANTOS MAZARIM          ADROALDO PIZZINI                        00000000000 7981010000000                                                       000009
1AAA            AAB                            172042734      20170316 N B0911    00000000000002            0100000042733110170000000021500         KS241017000000000000000011010170000000000000000000000000000000000000001000095473939104ALYNE CUNHA DOS SANTOS MAZARIM          ADROALDO PIZZINI                        00000000000 7981010000000                                                       000010
1AAA            AAB                            172042742      20170316 N B1011    00000000000002            0100000042743011170000000000000         KS231117000000000000000011011170000000000000000000000000000000000000001000095473939104ALYNE CUNHA DOS SANTOS MAZARIM          ADROALDO PIZZINI                        00000000000 7981010000000                                                       000011
1AAA            AAB                            172042750      20170316 N B1111    00000000000002            0100000042753112170000000000000         KS241217000000000000000011012170000000000000000000000000000000000000001000095473939104ALYNE CUNHA DOS SANTOS MAZARIM          ADROALDO PIZZINI                        00000000000 7981010000000                                                       000012
1AAA            AAB                            172001973      20170316 N B1211    00000000000002            0100000001972802170000000054954         KS210217000000000000000012002170000000002754000000000000000000000000001000084174153191LUCIANE GONCALVES CAMPOS NOVAES         FREI ANTONIO                            00000000000 7981221000000                                                       000013
1AAA            AAB                            172001981      20170316 N B0211    00000000000002            0100000001983103170000000054954         KS240317000000000000000011003170000000002754000000000000000000000000001000084174153191LUCIANE GONCALVES CAMPOS NOVAES         FREI ANTONIO                            00000000000 7981221000000                                                       000014
1AAA            AAB                            172001990      20170316 N B0311    00000000000002            0100000001993004170000000054954         KS230417000000000000000011004170000000002754000000000000000000000000001000084174153191LUCIANE GONCALVES CAMPOS NOVAES         FREI ANTONIO                            00000000000 7981221000000                                                       000015
1AAA            AAB                            172002007      20170316 N B0411    00000000000002            0100000002003105170000000054954         KS240517000000000000000011005170000000002754000000000000000000000000001000084174153191LUCIANE GONCALVES CAMPOS NOVAES         FREI ANTONIO                            00000000000 7981221000000                                                       000016
1AAA            AAB                            172002015      20170316 N B0511    00000000000002            0100000002013006170000000054954         KS230617000000000000000011006170000000002754000000000000000000000000001000084174153191LUCIANE GONCALVES CAMPOS NOVAES         FREI ANTONIO                            00000000000 7981221000000                                                       000017
1AAA            AAB                            172002023      20170316 N B0611    00000000000002            0100000002023107170000000054954         KS240717000000000000000011007170000000002754000000000000000000000000001000084174153191LUCIANE GONCALVES CAMPOS NOVAES         FREI ANTONIO                            00000000000 7981221000000                                                       000018
1AAA            AAB                            172002031      20170316 N B0711    00000000000002            0100000002033108170000000054954         KS240817000000000000000011008170000000002754000000000000000000000000001000084174153191LUCIANE GONCALVES CAMPOS NOVAES         FREI ANTONIO                            00000000000 7981221000000                                                       000019
1AAA            AAB                            172002040      20170316 N B0811    00000000000002            0100000002043009170000000054954         KS230917000000000000000011009170000000002754000000000000000000000000001000084174153191LUCIANE GONCALVES CAMPOS NOVAES         FREI ANTONIO                            00000000000 7981221000000                                                       000020
1AAA            AAB                            172002058      20170316 N B0911    00000000000002            0100000002053110170000000054954         KS241017000000000000000011010170000000002754000000000000000000000000001000084174153191LUCIANE GONCALVES CAMPOS NOVAES         FREI ANTONIO                            00000000000 7981221000000                                                       000021
1AAA            AAB                            172002066      20170316 N B1011    00000000000002            0100000002063011170000000054954         KS231117000000000000000011011170000000002754000000000000000000000000001000084174153191LUCIANE GONCALVES CAMPOS NOVAES         FREI ANTONIO                            00000000000 7981221000000                                                       000022
1AAA            AAB                            172002074      20170316 N B1111    00000000000002            0100000002073112170000000054954         KS241217000000000000000011012170000000002754000000000000000000000000001000084174153191LUCIANE GONCALVES CAMPOS NOVAES         FREI ANTONIO                            00000000000 7981221000000                                                       000023
1AAA            AAB                            172042548      20170316 N B1211    00000000000002            0100000042542802170000000045530         KS210217000000000000000012002170000000001530000000000000000000000000001000028533097115JOAO YOSHIAKI IMAI                      JONAS FERREIRA DE ARAUJO                00000000000 0797900000000                                                       000024
1AAA            AAB                            172042556      20170316 N B0211    00000000000002            0100000042553103170000000045530         KS240317000000000000000011003170000000001530000000000000000000000000001000028533097115JOAO YOSHIAKI IMAI                      JONAS FERREIRA DE ARAUJO                00000000000 0797900000000                                                       000025
1AAA            AAB                            172042564      20170316 N B0311    00000000000002            0100000042563004170000000045530         KS230417000000000000000011004170000000001530000000000000000000000000001000028533097115JOAO YOSHIAKI IMAI                      JONAS FERREIRA DE ARAUJO                00000000000 0797900000000                                                       000026
1AAA            AAB                            172042572      20170316 N B0411    00000000000002            0100000042573105170000000045530         KS240517000000000000000011005170000000001530000000000000000000000000001000028533097115JOAO YOSHIAKI IMAI                      JONAS FERREIRA DE ARAUJO                00000000000 0797900000000                                                       000027
1AAA            AAB                            172042580      20170316 N B0511    00000000000002            0100000042583006170000000045530         KS230617000000000000000011006170000000001530000000000000000000000000001000028533097115JOAO YOSHIAKI IMAI                      JONAS FERREIRA DE ARAUJO                00000000000 0797900000000                                                       000028
1AAA            AAB                            172042599      20170316 N B0611    00000000000002            0100000042593107170000000045530         KS240717000000000000000011007170000000001530000000000000000000000000001000028533097115JOAO YOSHIAKI IMAI                      JONAS FERREIRA DE ARAUJO                00000000000 0797900000000                                                       000029
1AAA            AAB                            172042602      20170316 N B0711    00000000000002            0100000042603108170000000045530         KS240817000000000000000011008170000000001530000000000000000000000000001000028533097115JOAO YOSHIAKI IMAI                      JONAS FERREIRA DE ARAUJO                00000000000 0797900000000                                                       000030
1AAA            AAB                            172042610      20170316 N B0811    00000000000002            0100000042613009170000000045530         KS230917000000000000000011009170000000001530000000000000000000000000001000028533097115JOAO YOSHIAKI IMAI                      JONAS FERREIRA DE ARAUJO                00000000000 0797900000000                                                       000031
1AAA            AAB                            172042629      20170316 N B0911    00000000000002            0100000042623110170000000030530         KS241017000000000000000011010170000000001530000000000000000000000000001000028533097115JOAO YOSHIAKI IMAI                      JONAS FERREIRA DE ARAUJO                00000000000 0797900000000                                                       000032
1AAA            AAB                            172042637      20170316 N B1011    00000000000002            0100000042633011170000000030530         KS231117000000000000000011011170000000001530000000000000000000000000001000028533097115JOAO YOSHIAKI IMAI                      JONAS FERREIRA DE ARAUJO                00000000000 0797900000000                                                       000033
1AAA            AAB                            172042645      20170316 N B1111    00000000000002            0100000042643112170000000030530         KS241217000000000000000011012170000000001530000000000000000000000000001000028533097115JOAO YOSHIAKI IMAI                      JONAS FERREIRA DE ARAUJO                00000000000 0797900000000                                                       000034
9174826431                                                                                                                                                                                                                                                                                                                                                                                                000035
