01REMESSA01COBRANCA       2643103361110000177                               748SICREDI        20170124        0000024                                                                                                                                                                                                                                                                                 2.00000001
1AAA            AAB                            172000560      20170124 N B1211    00000000000002            0100000000562802170000000050415         KS210217000000000000000021002170000000000306000000000000000000000000001000003432145802ANA CRISTINA FIGUEIRO BELLATO           IGUASSU                                 00000000000 7982315000000                                                       000002
1AAA            AAB                            172000578      20170124 N B0211    00000000000002            0100000000573103170000000050415         KS240317000000000000000021003170000000000306000000000000000000000000001000003432145802ANA CRISTINA FIGUEIRO BELLATO           IGUASSU                                 00000000000 7982315000000                                                       000003
1AAA            AAB                            172000586      20170124 N B0311    00000000000002            0100000000583004170000000050415         KS230417000000000000000021004170000000000306000000000000000000000000001000003432145802ANA CRISTINA FIGUEIRO BELLATO           IGUASSU                                 00000000000 7982315000000                                                       000004
1AAA            AAB                            172000594      20170124 N B0411    00000000000002            0100000000593105170000000050415         KS240517000000000000000021005170000000000306000000000000000000000000001000003432145802ANA CRISTINA FIGUEIRO BELLATO           IGUASSU                                 00000000000 7982315000000                                                       000005
1AAA            AAB                            172000608      20170124 N B0511    00000000000002            0100000000603006170000000050415         KS230617000000000000000021006170000000000306000000000000000000000000001000003432145802ANA CRISTINA FIGUEIRO BELLATO           IGUASSU                                 00000000000 7982315000000                                                       000006
1AAA            AAB                            172000616      20170124 N B0611    00000000000002            0100000000613107170000000050415         KS240717000000000000000021007170000000000306000000000000000000000000001000003432145802ANA CRISTINA FIGUEIRO BELLATO           IGUASSU                                 00000000000 7982315000000                                                       000007
1AAA            AAB                            172000624      20170124 N B0711    00000000000002            0100000000623108170000000050415         KS240817000000000000000021008170000000000306000000000000000000000000001000003432145802ANA CRISTINA FIGUEIRO BELLATO           IGUASSU                                 00000000000 7982315000000                                                       000008
1AAA            AAB                            172000632      20170124 N B0811    00000000000002            0100000000633009170000000035415         KS230917000000000000000021009170000000000306000000000000000000000000001000003432145802ANA CRISTINA FIGUEIRO BELLATO           IGUASSU                                 00000000000 7982315000000                                                       000009
1AAA            AAB                            172000640      20170124 N B0911    00000000000002            0100000000643110170000000035415         KS241017000000000000000021010170000000000306000000000000000000000000001000003432145802ANA CRISTINA FIGUEIRO BELLATO           IGUASSU                                 00000000000 7982315000000                                                       000010
1AAA            AAB                            172000659      20170124 N B1011    00000000000002            0100000000653011170000000035415         KS231117000000000000000021011170000000000306000000000000000000000000001000003432145802ANA CRISTINA FIGUEIRO BELLATO           IGUASSU                                 00000000000 7982315000000                                                       000011
1AAA            AAB                            172000667      20170124 N B1111    00000000000002            0100000000663112170000000035415         KS241217000000000000000021012170000000000306000000000000000000000000001000003432145802ANA CRISTINA FIGUEIRO BELLATO           IGUASSU                                 00000000000 7982315000000                                                       000012
9174826431                                                                                                                                                                                                                                                                                                                                                                                                000013
