01REMESSA01COBRANCA       2643103361110000177                               748SICREDI        20170213        0000037                                                                                                                                                                                                                                                                                 2.00000001
1AAA            AAB                            172312804      20170213 N B0000    00000000000002            0100000312802802170000000081845         KS210217000000000000000012002170000000002845000000000000000000000000001000036650854115ANGELA APARECIDA TORRES RODRIGUES MAZARIJOAO VICENTE FERREIRA                   00000000000 7983006000000                                                       000002
1AAA            AAB                            172312812      20170213 N B0210    00000000000002            0100000312813103170000000081845         KS240317000000000000000011003170000000002845000000000000000000000000001000036650854115ANGELA APARECIDA TORRES RODRIGUES MAZARIJOAO VICENTE FERREIRA                   00000000000 7983006000000                                                       000003
1AAA            AAB                            172312820      20170213 N B0310    00000000000002            0100000312823004170000000081845         KS230417000000000000000011004170000000002845000000000000000000000000001000036650854115ANGELA APARECIDA TORRES RODRIGUES MAZARIJOAO VICENTE FERREIRA                   00000000000 7983006000000                                                       000004
1AAA            AAB                            172312839      20170213 N B0410    00000000000002            0100000312833105170000000056845         KS240517000000000000000011005170000000002845000000000000000000000000001000036650854115ANGELA APARECIDA TORRES RODRIGUES MAZARIJOAO VICENTE FERREIRA                   00000000000 7983006000000                                                       000005
1AAA            AAB                            172312847      20170213 N B0510    00000000000002            0100000312843006170000000056845         KS230617000000000000000011006170000000002845000000000000000000000000001000036650854115ANGELA APARECIDA TORRES RODRIGUES MAZARIJOAO VICENTE FERREIRA                   00000000000 7983006000000                                                       000006
1AAA            AAB                            172312855      20170213 N B0610    00000000000002            0100000312853107170000000056845         KS240717000000000000000011007170000000002845000000000000000000000000001000036650854115ANGELA APARECIDA TORRES RODRIGUES MAZARIJOAO VICENTE FERREIRA                   00000000000 7983006000000                                                       000007
1AAA            AAB                            172312863      20170213 N B0710    00000000000002            0100000312863108170000000056845         KS240817000000000000000011008170000000002845000000000000000000000000001000036650854115ANGELA APARECIDA TORRES RODRIGUES MAZARIJOAO VICENTE FERREIRA                   00000000000 7983006000000                                                       000008
1AAA            AAB                            172312871      20170213 N B0810    00000000000002            0100000312873009170000000056845         KS230917000000000000000011009170000000002845000000000000000000000000001000036650854115ANGELA APARECIDA TORRES RODRIGUES MAZARIJOAO VICENTE FERREIRA                   00000000000 7983006000000                                                       000009
1AAA            AAB                            172312880      20170213 N B0910    00000000000002            0100000312883110170000000056845         KS241017000000000000000011010170000000002845000000000000000000000000001000036650854115ANGELA APARECIDA TORRES RODRIGUES MAZARIJOAO VICENTE FERREIRA                   00000000000 7983006000000                                                       000010
1AAA            AAB                            172312898      20170213 N B1010    00000000000002            0100000312893011170000000056845         KS231117000000000000000011011170000000002845000000000000000000000000001000036650854115ANGELA APARECIDA TORRES RODRIGUES MAZARIJOAO VICENTE FERREIRA                   00000000000 7983006000000                                                       000011
1AAA            AAB                            172311026      20170213 N B1110    00000000000002            0100000311022802170000000021500         KS210217000000000000000012002170000000000000000000000000000000000000001000046530495134ROSANGELA MARQUES DA SILVA ONO          CUIABA                                  00000000000 7980203100000                                                       000012
1AAA            AAB                            172311034      20170213 N B0211    00000000000002            0100000311033103170000000021500         KS240317000000000000000011003170000000000000000000000000000000000000001000046530495134ROSANGELA MARQUES DA SILVA ONO          CUIABA                                  00000000000 7980203100000                                                       000013
1AAA            AAB                            172311042      20170213 N B0311    00000000000002            0100000311043004170000000021500         KS230417000000000000000011004170000000000000000000000000000000000000001000046530495134ROSANGELA MARQUES DA SILVA ONO          CUIABA                                  00000000000 7980203100000                                                       000014
1AAA            AAB                            172311050      20170213 N B0411    00000000000002            0100000311053105170000000021500         KS240517000000000000000011005170000000000000000000000000000000000000001000046530495134ROSANGELA MARQUES DA SILVA ONO          CUIABA                                  00000000000 7980203100000                                                       000015
1AAA            AAB                            172311069      20170213 N B0511    00000000000002            0100000311063006170000000021500         KS230617000000000000000011006170000000000000000000000000000000000000001000046530495134ROSANGELA MARQUES DA SILVA ONO          CUIABA                                  00000000000 7980203100000                                                       000016
1AAA            AAB                            172311077      20170213 N B0611    00000000000002            0100000311073107170000000021500         KS240717000000000000000011007170000000000000000000000000000000000000001000046530495134ROSANGELA MARQUES DA SILVA ONO          CUIABA                                  00000000000 7980203100000                                                       000017
1AAA            AAB                            172311085      20170213 N B0711    00000000000002            0100000311083108170000000021500         KS240817000000000000000011008170000000000000000000000000000000000000001000046530495134ROSANGELA MARQUES DA SILVA ONO          CUIABA                                  00000000000 7980203100000                                                       000018
1AAA            AAB                            172311093      20170213 N B0811    00000000000002            0100000311093009170000000021500         KS230917000000000000000011009170000000000000000000000000000000000000001000046530495134ROSANGELA MARQUES DA SILVA ONO          CUIABA                                  00000000000 7980203100000                                                       000019
1AAA            AAB                            172311107      20170213 N B0911    00000000000002            0100000311103110170000000021500         KS241017000000000000000011010170000000000000000000000000000000000000001000046530495134ROSANGELA MARQUES DA SILVA ONO          CUIABA                                  00000000000 7980203100000                                                       000020
1AAA            AAB                            172311115      20170213 N B1011    00000000000002            0100000311113011170000000000000         KS231117000000000000000011011170000000000000000000000000000000000000001000046530495134ROSANGELA MARQUES DA SILVA ONO          CUIABA                                  00000000000 7980203100000                                                       000021
1AAA            AAB                            172311123      20170213 N B1111    00000000000002            0100000311123112170000000000000         KS241217000000000000000011012170000000000000000000000000000000000000001000046530495134ROSANGELA MARQUES DA SILVA ONO          CUIABA                                  00000000000 7980203100000                                                       000022
1AAA            AAB                            172312251      20170213 N B1211    00000000000002            0100000312252802170000000041555         KS210217000000000000000012002170000000001005000000000000000000000000001000058289615191DONIZETE TEIXEIRA SANTOS                FREI ANTONIO                            00000000000 7984061000000                                                       000023
1AAA            AAB                            172312260      20170213 N B0211    00000000000002            0100000312263103170000000041555         KS240317000000000000000011003170000000001005000000000000000000000000001000058289615191DONIZETE TEIXEIRA SANTOS                FREI ANTONIO                            00000000000 7984061000000                                                       000024
1AAA            AAB                            172312278      20170213 N B0311    00000000000002            0100000312273004170000000041555         KS230417000000000000000011004170000000001005000000000000000000000000001000058289615191DONIZETE TEIXEIRA SANTOS                FREI ANTONIO                            00000000000 7984061000000                                                       000025
1AAA            AAB                            172312286      20170213 N B0411    00000000000002            0100000312283105170000000041555         KS240517000000000000000011005170000000001005000000000000000000000000001000058289615191DONIZETE TEIXEIRA SANTOS                FREI ANTONIO                            00000000000 7984061000000                                                       000026
1AAA            AAB                            172312294      20170213 N B0511    00000000000002            0100000312293006170000000041555         KS230617000000000000000011006170000000001005000000000000000000000000001000058289615191DONIZETE TEIXEIRA SANTOS                FREI ANTONIO                            00000000000 7984061000000                                                       000027
1AAA            AAB                            172312308      20170213 N B0611    00000000000002            0100000312303107170000000041555         KS240717000000000000000011007170000000001005000000000000000000000000001000058289615191DONIZETE TEIXEIRA SANTOS                FREI ANTONIO                            00000000000 7984061000000                                                       000028
1AAA            AAB                            172312316      20170213 N B0711    00000000000002            0100000312313108170000000041555         KS240817000000000000000011008170000000001005000000000000000000000000001000058289615191DONIZETE TEIXEIRA SANTOS                FREI ANTONIO                            00000000000 7984061000000                                                       000029
1AAA            AAB                            172312324      20170213 N B0811    00000000000002            0100000312323009170000000041555         KS230917000000000000000011009170000000001005000000000000000000000000001000058289615191DONIZETE TEIXEIRA SANTOS                FREI ANTONIO                            00000000000 7984061000000                                                       000030
1AAA            AAB                            172312332      20170213 N B0911    00000000000002            0100000312333110170000000041555         KS241017000000000000000011010170000000001005000000000000000000000000001000058289615191DONIZETE TEIXEIRA SANTOS                FREI ANTONIO                            00000000000 7984061000000                                                       000031
1AAA            AAB                            172312340      20170213 N B1011    00000000000002            0100000312343011170000000020055         KS231117000000000000000011011170000000001005000000000000000000000000001000058289615191DONIZETE TEIXEIRA SANTOS                FREI ANTONIO                            00000000000 7984061000000                                                       000032
1AAA            AAB                            172312359      20170213 N B1111    00000000000002            0100000312353112170000000020055         KS241217000000000000000011012170000000001005000000000000000000000000001000058289615191DONIZETE TEIXEIRA SANTOS                FREI ANTONIO                            00000000000 7984061000000                                                       000033
1AAA            AAB                            172311808      20170213 N B1211    00000000000002            0100000311802802170000000074980         KS210217000000000000000012002170000000002680000000000000000000000000001000061383112134SIDNEY JOSE ROSA                        REINALDO BIANCHI                        00000000000 7982338100000                                                       000034
1AAA            AAB                            172311816      20170213 N B0211    00000000000002            0100000311813103170000000074980         KS240317000000000000000011003170000000002680000000000000000000000000001000061383112134SIDNEY JOSE ROSA                        REINALDO BIANCHI                        00000000000 7982338100000                                                       000035
1AAA            AAB                            172311824      20170213 N B0311    00000000000002            0100000311823004170000000074980         KS230417000000000000000011004170000000002680000000000000000000000000001000061383112134SIDNEY JOSE ROSA                        REINALDO BIANCHI                        00000000000 7982338100000                                                       000036
1AAA            AAB                            172311832      20170213 N B0411    00000000000002            0100000311833105170000000074980         KS240517000000000000000011005170000000002680000000000000000000000000001000061383112134SIDNEY JOSE ROSA                        REINALDO BIANCHI                        00000000000 7982338100000                                                       000037
1AAA            AAB                            172311840      20170213 N B0511    00000000000002            0100000311843006170000000074980         KS230617000000000000000011006170000000002680000000000000000000000000001000061383112134SIDNEY JOSE ROSA                        REINALDO BIANCHI                        00000000000 7982338100000                                                       000038
1AAA            AAB                            172311859      20170213 N B0611    00000000000002            0100000311853107170000000074980         KS240717000000000000000011007170000000002680000000000000000000000000001000061383112134SIDNEY JOSE ROSA                        REINALDO BIANCHI                        00000000000 7982338100000                                                       000039
1AAA            AAB                            172311867      20170213 N B0711    00000000000002            0100000311863108170000000074980         KS240817000000000000000011008170000000002680000000000000000000000000001000061383112134SIDNEY JOSE ROSA                        REINALDO BIANCHI                        00000000000 7982338100000                                                       000040
1AAA            AAB                            172311875      20170213 N B0811    00000000000002            0100000311873009170000000074980         KS230917000000000000000011009170000000002680000000000000000000000000001000061383112134SIDNEY JOSE ROSA                        REINALDO BIANCHI                        00000000000 7982338100000                                                       000041
1AAA            AAB                            172311883      20170213 N B0911    00000000000002            0100000311883110170000000074980         KS241017000000000000000011010170000000002680000000000000000000000000001000061383112134SIDNEY JOSE ROSA                        REINALDO BIANCHI                        00000000000 7982338100000                                                       000042
1AAA            AAB                            172311891      20170213 N B1011    00000000000002            0100000311893011170000000053480         KS231117000000000000000011011170000000002680000000000000000000000000001000061383112134SIDNEY JOSE ROSA                        REINALDO BIANCHI                        00000000000 7982338100000                                                       000043
1AAA            AAB                            172311905      20170213 N B1111    00000000000002            0100000311903112170000000053480         KS241217000000000000000011012170000000002680000000000000000000000000001000061383112134SIDNEY JOSE ROSA                        REINALDO BIANCHI                        00000000000 7982338100000                                                       000044
1AAA            AAB                            172311352      20170213 N B1211    00000000000002            0100000311352802170000000054925         KS210217000000000000000012002170000000001675000000000000000000000000001000008547201890JOSE VICENTE TARDIVO                    SAO PAULO                               00000000000 7983353000000                                                       000045
1AAA            AAB                            172311360      20170213 N B0211    00000000000002            0100000311363103170000000054925         KS240317000000000000000011003170000000001675000000000000000000000000001000008547201890JOSE VICENTE TARDIVO                    SAO PAULO                               00000000000 7983353000000                                                       000046
1AAA            AAB                            172311379      20170213 N B0311    00000000000002            0100000311373004170000000054925         KS230417000000000000000011004170000000001675000000000000000000000000001000008547201890JOSE VICENTE TARDIVO                    SAO PAULO                               00000000000 7983353000000                                                       000047
1AAA            AAB                            172311387      20170213 N B0411    00000000000002            0100000311383105170000000054925         KS240517000000000000000011005170000000001675000000000000000000000000001000008547201890JOSE VICENTE TARDIVO                    SAO PAULO                               00000000000 7983353000000                                                       000048
1AAA            AAB                            172311395      20170213 N B0511    00000000000002            0100000311393006170000000054925         KS230617000000000000000011006170000000001675000000000000000000000000001000008547201890JOSE VICENTE TARDIVO                    SAO PAULO                               00000000000 7983353000000                                                       000049
1AAA            AAB                            172311409      20170213 N B0611    00000000000002            0100000311403107170000000054925         KS240717000000000000000011007170000000001675000000000000000000000000001000008547201890JOSE VICENTE TARDIVO                    SAO PAULO                               00000000000 7983353000000                                                       000050
1AAA            AAB                            172311417      20170213 N B0711    00000000000002            0100000311413108170000000054925         KS240817000000000000000011008170000000001675000000000000000000000000001000008547201890JOSE VICENTE TARDIVO                    SAO PAULO                               00000000000 7983353000000                                                       000051
1AAA            AAB                            172311425      20170213 N B0811    00000000000002            0100000311423009170000000054925         KS230917000000000000000011009170000000001675000000000000000000000000001000008547201890JOSE VICENTE TARDIVO                    SAO PAULO                               00000000000 7983353000000                                                       000052
1AAA            AAB                            172311433      20170213 N B0911    00000000000002            0100000311433110170000000054925         KS241017000000000000000011010170000000001675000000000000000000000000001000008547201890JOSE VICENTE TARDIVO                    SAO PAULO                               00000000000 7983353000000                                                       000053
1AAA            AAB                            172311441      20170213 N B1011    00000000000002            0100000311443011170000000033425         KS231117000000000000000011011170000000001675000000000000000000000000001000008547201890JOSE VICENTE TARDIVO                    SAO PAULO                               00000000000 7983353000000                                                       000054
1AAA            AAB                            172311450      20170213 N B1111    00000000000002            0100000311453112170000000033425         KS241217000000000000000011012170000000001675000000000000000000000000001000008547201890JOSE VICENTE TARDIVO                    SAO PAULO                               00000000000 7983353000000                                                       000055
1AAA            AAB                            172311247      20170213 N B1211    00000000000002            0100000311242802170000000074980         KS210217000000000000000012002170000000002680000000000000000000000000001000040494667168MONICA YUMI AKUTSU OKADA                OLIVEIRA MARQUES                        00000000000 7983004000000                                                       000056
1AAA            AAB                            172311255      20170213 N B0211    00000000000002            0100000311253103170000000074980         KS240317000000000000000011003170000000002680000000000000000000000000001000040494667168MONICA YUMI AKUTSU OKADA                OLIVEIRA MARQUES                        00000000000 7983004000000                                                       000057
1AAA            AAB                            172311263      20170213 N B0311    00000000000002            0100000311263004170000000074980         KS230417000000000000000011004170000000002680000000000000000000000000001000040494667168MONICA YUMI AKUTSU OKADA                OLIVEIRA MARQUES                        00000000000 7983004000000                                                       000058
1AAA            AAB                            172311271      20170213 N B0411    00000000000002            0100000311273105170000000074980         KS240517000000000000000011005170000000002680000000000000000000000000001000040494667168MONICA YUMI AKUTSU OKADA                OLIVEIRA MARQUES                        00000000000 7983004000000                                                       000059
1AAA            AAB                            172311280      20170213 N B0511    00000000000002            0100000311283006170000000074980         KS230617000000000000000011006170000000002680000000000000000000000000001000040494667168MONICA YUMI AKUTSU OKADA                OLIVEIRA MARQUES                        00000000000 7983004000000                                                       000060
1AAA            AAB                            172311298      20170213 N B0611    00000000000002            0100000311293107170000000074980         KS240717000000000000000011007170000000002680000000000000000000000000001000040494667168MONICA YUMI AKUTSU OKADA                OLIVEIRA MARQUES                        00000000000 7983004000000                                                       000061
1AAA            AAB                            172311301      20170213 N B0711    00000000000002            0100000311303108170000000074980         KS240817000000000000000011008170000000002680000000000000000000000000001000040494667168MONICA YUMI AKUTSU OKADA                OLIVEIRA MARQUES                        00000000000 7983004000000                                                       000062
1AAA            AAB                            172311310      20170213 N B0811    00000000000002            0100000311313009170000000074980         KS230917000000000000000011009170000000002680000000000000000000000000001000040494667168MONICA YUMI AKUTSU OKADA                OLIVEIRA MARQUES                        00000000000 7983004000000                                                       000063
1AAA            AAB                            172311328      20170213 N B0911    00000000000002            0100000311323110170000000074980         KS241017000000000000000011010170000000002680000000000000000000000000001000040494667168MONICA YUMI AKUTSU OKADA                OLIVEIRA MARQUES                        00000000000 7983004000000                                                       000064
1AAA            AAB                            172311336      20170213 N B1011    00000000000002            0100000311333011170000000053480         KS231117000000000000000011011170000000002680000000000000000000000000001000040494667168MONICA YUMI AKUTSU OKADA                OLIVEIRA MARQUES                        00000000000 7983004000000                                                       000065
1AAA            AAB                            172311344      20170213 N B1111    00000000000002            0100000311343112170000000053480         KS241217000000000000000011012170000000002680000000000000000000000000001000040494667168MONICA YUMI AKUTSU OKADA                OLIVEIRA MARQUES                        00000000000 7983004000000                                                       000066
1AAA            AAB                            172311913      20170213 N B1211    00000000000002            0100000311912802170000000074980         KS210217000000000000000012002170000000002680000000000000000000000000001000001813887900SIMONE SAYURI SATO OKU YAMANAKA         PEDRO CELESTINO                         00000000000 7982404000000                                                       000067
1AAA            AAB                            172311921      20170213 N B0211    00000000000002            0100000311923103170000000074980         KS240317000000000000000011003170000000002680000000000000000000000000001000001813887900SIMONE SAYURI SATO OKU YAMANAKA         PEDRO CELESTINO                         00000000000 7982404000000                                                       000068
1AAA            AAB                            172311930      20170213 N B0311    00000000000002            0100000311933004170000000074980         KS230417000000000000000011004170000000002680000000000000000000000000001000001813887900SIMONE SAYURI SATO OKU YAMANAKA         PEDRO CELESTINO                         00000000000 7982404000000                                                       000069
1AAA            AAB                            172311948      20170213 N B0411    00000000000002            0100000311943105170000000074980         KS240517000000000000000011005170000000002680000000000000000000000000001000001813887900SIMONE SAYURI SATO OKU YAMANAKA         PEDRO CELESTINO                         00000000000 7982404000000                                                       000070
1AAA            AAB                            172311956      20170213 N B0511    00000000000002            0100000311953006170000000074980         KS230617000000000000000011006170000000002680000000000000000000000000001000001813887900SIMONE SAYURI SATO OKU YAMANAKA         PEDRO CELESTINO                         00000000000 7982404000000                                                       000071
1AAA            AAB                            172311964      20170213 N B0611    00000000000002            0100000311963107170000000074980         KS240717000000000000000011007170000000002680000000000000000000000000001000001813887900SIMONE SAYURI SATO OKU YAMANAKA         PEDRO CELESTINO                         00000000000 7982404000000                                                       000072
1AAA            AAB                            172311972      20170213 N B0711    00000000000002            0100000311973108170000000074980         KS240817000000000000000011008170000000002680000000000000000000000000001000001813887900SIMONE SAYURI SATO OKU YAMANAKA         PEDRO CELESTINO                         00000000000 7982404000000                                                       000073
1AAA            AAB                            172311980      20170213 N B0811    00000000000002            0100000311983009170000000074980         KS230917000000000000000011009170000000002680000000000000000000000000001000001813887900SIMONE SAYURI SATO OKU YAMANAKA         PEDRO CELESTINO                         00000000000 7982404000000                                                       000074
1AAA            AAB                            172311999      20170213 N B0911    00000000000002            0100000311993110170000000074980         KS241017000000000000000011010170000000002680000000000000000000000000001000001813887900SIMONE SAYURI SATO OKU YAMANAKA         PEDRO CELESTINO                         00000000000 7982404000000                                                       000075
1AAA            AAB                            172312006      20170213 N B1011    00000000000002            0100000312003011170000000053480         KS231117000000000000000011011170000000002680000000000000000000000000001000001813887900SIMONE SAYURI SATO OKU YAMANAKA         PEDRO CELESTINO                         00000000000 7982404000000                                                       000076
1AAA            AAB                            172312014      20170213 N B1111    00000000000002            0100000312013112170000000053480         KS241217000000000000000011012170000000002680000000000000000000000000001000001813887900SIMONE SAYURI SATO OKU YAMANAKA         PEDRO CELESTINO                         00000000000 7982404000000                                                       000077
1AAA            AAB                            172312596      20170213 N B1211    00000000000002            0100000312592802170000000061610         KS210217000000000000000012002170000000002010000000000000000000000000001000086971131134JULIANA KELLY CORREA ARCAS MARTELLI     LEONIDAS ALEM                           00000000000 7981102000000                                                       000078
1AAA            AAB                            172312600      20170213 N B0211    00000000000002            0100000312603103170000000061610         KS240317000000000000000011003170000000002010000000000000000000000000001000086971131134JULIANA KELLY CORREA ARCAS MARTELLI     LEONIDAS ALEM                           00000000000 7981102000000                                                       000079
1AAA            AAB                            172312618      20170213 N B0311    00000000000002            0100000312613004170000000061610         KS230417000000000000000011004170000000002010000000000000000000000000001000086971131134JULIANA KELLY CORREA ARCAS MARTELLI     LEONIDAS ALEM                           00000000000 7981102000000                                                       000080
1AAA            AAB                            172312626      20170213 N B0411    00000000000002            0100000312623105170000000061610         KS240517000000000000000011005170000000002010000000000000000000000000001000086971131134JULIANA KELLY CORREA ARCAS MARTELLI     LEONIDAS ALEM                           00000000000 7981102000000                                                       000081
1AAA            AAB                            172312634      20170213 N B0511    00000000000002            0100000312633006170000000061610         KS230617000000000000000011006170000000002010000000000000000000000000001000086971131134JULIANA KELLY CORREA ARCAS MARTELLI     LEONIDAS ALEM                           00000000000 7981102000000                                                       000082
1AAA            AAB                            172312642      20170213 N B0611    00000000000002            0100000312643107170000000061610         KS240717000000000000000011007170000000002010000000000000000000000000001000086971131134JULIANA KELLY CORREA ARCAS MARTELLI     LEONIDAS ALEM                           00000000000 7981102000000                                                       000083
1AAA            AAB                            172312650      20170213 N B0711    00000000000002            0100000312653108170000000061610         KS240817000000000000000011008170000000002010000000000000000000000000001000086971131134JULIANA KELLY CORREA ARCAS MARTELLI     LEONIDAS ALEM                           00000000000 7981102000000                                                       000084
1AAA            AAB                            172312669      20170213 N B0811    00000000000002            0100000312663009170000000061610         KS230917000000000000000011009170000000002010000000000000000000000000001000086971131134JULIANA KELLY CORREA ARCAS MARTELLI     LEONIDAS ALEM                           00000000000 7981102000000                                                       000085
1AAA            AAB                            172312677      20170213 N B0911    00000000000002            0100000312673110170000000061610         KS241017000000000000000011010170000000002010000000000000000000000000001000086971131134JULIANA KELLY CORREA ARCAS MARTELLI     LEONIDAS ALEM                           00000000000 7981102000000                                                       000086
1AAA            AAB                            172312685      20170213 N B1011    00000000000002            0100000312683011170000000040110         KS231117000000000000000011011170000000002010000000000000000000000000001000086971131134JULIANA KELLY CORREA ARCAS MARTELLI     LEONIDAS ALEM                           00000000000 7981102000000                                                       000087
1AAA            AAB                            172312693      20170213 N B1111    00000000000002            0100000312693112170000000040110         KS241217000000000000000011012170000000002010000000000000000000000000001000086971131134JULIANA KELLY CORREA ARCAS MARTELLI     LEONIDAS ALEM                           00000000000 7981102000000                                                       000088
1AAA            AAB                            172310801      20170213 N B1211    00000000000002            0100000310802802170000000068295         KS210217000000000000000012002170000000002345000000000000000000000000001000096275855649IRANETE VIEIRA DOS SANTOS               RANULFO SALDIVAR                        00000000000 7982342000000                                                       000089
1AAA            AAB                            172310810      20170213 N B0211    00000000000002            0100000310813103170000000068295         KS240317000000000000000011003170000000002345000000000000000000000000001000096275855649IRANETE VIEIRA DOS SANTOS               RANULFO SALDIVAR                        00000000000 7982342000000                                                       000090
1AAA            AAB                            172310828      20170213 N B0311    00000000000002            0100000310823004170000000068295         KS230417000000000000000011004170000000002345000000000000000000000000001000096275855649IRANETE VIEIRA DOS SANTOS               RANULFO SALDIVAR                        00000000000 7982342000000                                                       000091
1AAA            AAB                            172310836      20170213 N B0411    00000000000002            0100000310833105170000000068295         KS240517000000000000000011005170000000002345000000000000000000000000001000096275855649IRANETE VIEIRA DOS SANTOS               RANULFO SALDIVAR                        00000000000 7982342000000                                                       000092
1AAA            AAB                            172310844      20170213 N B0511    00000000000002            0100000310843006170000000068295         KS230617000000000000000011006170000000002345000000000000000000000000001000096275855649IRANETE VIEIRA DOS SANTOS               RANULFO SALDIVAR                        00000000000 7982342000000                                                       000093
1AAA            AAB                            172310852      20170213 N B0611    00000000000002            0100000310853107170000000068295         KS240717000000000000000011007170000000002345000000000000000000000000001000096275855649IRANETE VIEIRA DOS SANTOS               RANULFO SALDIVAR                        00000000000 7982342000000                                                       000094
1AAA            AAB                            172310860      20170213 N B0711    00000000000002            0100000310863108170000000068295         KS240817000000000000000011008170000000002345000000000000000000000000001000096275855649IRANETE VIEIRA DOS SANTOS               RANULFO SALDIVAR                        00000000000 7982342000000                                                       000095
1AAA            AAB                            172310879      20170213 N B0811    00000000000002            0100000310873009170000000068295         KS230917000000000000000011009170000000002345000000000000000000000000001000096275855649IRANETE VIEIRA DOS SANTOS               RANULFO SALDIVAR                        00000000000 7982342000000                                                       000096
1AAA            AAB                            172310887      20170213 N B0911    00000000000002            0100000310883110170000000068295         KS241017000000000000000011010170000000002345000000000000000000000000001000096275855649IRANETE VIEIRA DOS SANTOS               RANULFO SALDIVAR                        00000000000 7982342000000                                                       000097
1AAA            AAB                            172310895      20170213 N B1011    00000000000002            0100000310893011170000000046795         KS231117000000000000000011011170000000002345000000000000000000000000001000096275855649IRANETE VIEIRA DOS SANTOS               RANULFO SALDIVAR                        00000000000 7982342000000                                                       000098
1AAA            AAB                            172310909      20170213 N B1111    00000000000002            0100000310903112170000000046795         KS241217000000000000000011012170000000002345000000000000000000000000001000096275855649IRANETE VIEIRA DOS SANTOS               RANULFO SALDIVAR                        00000000000 7982342000000                                                       000099
1AAA            AAB                            172312707      20170213 N B1211    00000000000002            0100000312703101170000000104583         KS240117000000000000000011001170000000003983000000000000000000000000001000070363994904ARMINDO EDEGAR HEIN                     JOAQUIM ALVES TAVEIRA                   00000000000 7980000000000                                                       000100
1AAA            AAB                            172312715      20170213 N B0110    00000000000002            0100000312712802170000000104583         KS210217000000000000000012002170000000003983000000000000000000000000001000070363994904ARMINDO EDEGAR HEIN                     JOAQUIM ALVES TAVEIRA                   00000000000 7980000000000                                                       000101
1AAA            AAB                            172312723      20170213 N B0210    00000000000002            0100000312723103170000000104583         KS240317000000000000000011003170000000003983000000000000000000000000001000070363994904ARMINDO EDEGAR HEIN                     JOAQUIM ALVES TAVEIRA                   00000000000 7980000000000                                                       000102
1AAA            AAB                            172312731      20170213 N B0310    00000000000002            0100000312733004170000000104583         KS230417000000000000000011004170000000003983000000000000000000000000001000070363994904ARMINDO EDEGAR HEIN                     JOAQUIM ALVES TAVEIRA                   00000000000 7980000000000                                                       000103
1AAA            AAB                            172312740      20170213 N B0410    00000000000002            0100000312743105170000000104583         KS240517000000000000000011005170000000003983000000000000000000000000001000070363994904ARMINDO EDEGAR HEIN                     JOAQUIM ALVES TAVEIRA                   00000000000 7980000000000                                                       000104
1AAA            AAB                            172312758      20170213 N B0510    00000000000002            0100000312753006170000000104583         KS230617000000000000000011006170000000003983000000000000000000000000001000070363994904ARMINDO EDEGAR HEIN                     JOAQUIM ALVES TAVEIRA                   00000000000 7980000000000                                                       000105
1AAA            AAB                            172312766      20170213 N B0610    00000000000002            0100000312763107170000000104583         KS240717000000000000000011007170000000003983000000000000000000000000001000070363994904ARMINDO EDEGAR HEIN                     JOAQUIM ALVES TAVEIRA                   00000000000 7980000000000                                                       000106
1AAA            AAB                            172312774      20170213 N B0710    00000000000002            0100000312773108170000000104583         KS240817000000000000000011008170000000003983000000000000000000000000001000070363994904ARMINDO EDEGAR HEIN                     JOAQUIM ALVES TAVEIRA                   00000000000 7980000000000                                                       000107
1AAA            AAB                            172312782      20170213 N B0810    00000000000002            0100000312783009170000000104583         KS230917000000000000000011009170000000003983000000000000000000000000001000070363994904ARMINDO EDEGAR HEIN                     JOAQUIM ALVES TAVEIRA                   00000000000 7980000000000                                                       000108
1AAA            AAB                            172312790      20170213 N B0910    00000000000002            0100000312793110170000000104583         KS241017000000000000000011010170000000003983000000000000000000000000001000070363994904ARMINDO EDEGAR HEIN                     JOAQUIM ALVES TAVEIRA                   00000000000 7980000000000                                                       000109
1AAA            AAB                            172310585      20170213 N B1010    00000000000002            0100000310582802170000000021500         KS210217000000000000000012002170000000000000000000000000000000000000001000051153343134MELQUISEDEQUE HIGINO                    ONOFRE PEREIRA DE MATOS                 00000000000 7980201100000                                                       000110
1AAA            AAB                            172310593      20170213 N B0211    00000000000002            0100000310593103170000000021500         KS240317000000000000000011003170000000000000000000000000000000000000001000051153343134MELQUISEDEQUE HIGINO                    ONOFRE PEREIRA DE MATOS                 00000000000 7980201100000                                                       000111
1AAA            AAB                            172310607      20170213 N B0311    00000000000002            0100000310603004170000000021500         KS230417000000000000000011004170000000000000000000000000000000000000001000051153343134MELQUISEDEQUE HIGINO                    ONOFRE PEREIRA DE MATOS                 00000000000 7980201100000                                                       000112
1AAA            AAB                            172310615      20170213 N B0411    00000000000002            0100000310613105170000000021500         KS240517000000000000000011005170000000000000000000000000000000000000001000051153343134MELQUISEDEQUE HIGINO                    ONOFRE PEREIRA DE MATOS                 00000000000 7980201100000                                                       000113
1AAA            AAB                            172310623      20170213 N B0511    00000000000002            0100000310623006170000000021500         KS230617000000000000000011006170000000000000000000000000000000000000001000051153343134MELQUISEDEQUE HIGINO                    ONOFRE PEREIRA DE MATOS                 00000000000 7980201100000                                                       000114
1AAA            AAB                            172310631      20170213 N B0611    00000000000002            0100000310633107170000000021500         KS240717000000000000000011007170000000000000000000000000000000000000001000051153343134MELQUISEDEQUE HIGINO                    ONOFRE PEREIRA DE MATOS                 00000000000 7980201100000                                                       000115
1AAA            AAB                            172310640      20170213 N B0711    00000000000002            0100000310643108170000000021500         KS240817000000000000000011008170000000000000000000000000000000000000001000051153343134MELQUISEDEQUE HIGINO                    ONOFRE PEREIRA DE MATOS                 00000000000 7980201100000                                                       000116
1AAA            AAB                            172310658      20170213 N B0811    00000000000002            0100000310653009170000000021500         KS230917000000000000000011009170000000000000000000000000000000000000001000051153343134MELQUISEDEQUE HIGINO                    ONOFRE PEREIRA DE MATOS                 00000000000 7980201100000                                                       000117
1AAA            AAB                            172310666      20170213 N B0911    00000000000002            0100000310663110170000000021500         KS241017000000000000000011010170000000000000000000000000000000000000001000051153343134MELQUISEDEQUE HIGINO                    ONOFRE PEREIRA DE MATOS                 00000000000 7980201100000                                                       000118
1AAA            AAB                            172310674      20170213 N B1011    00000000000002            0100000310673011170000000000000         KS231117000000000000000011011170000000000000000000000000000000000000001000051153343134MELQUISEDEQUE HIGINO                    ONOFRE PEREIRA DE MATOS                 00000000000 7980201100000                                                       000119
1AAA            AAB                            172310682      20170213 N B1111    00000000000002            0100000310683112170000000000000         KS241217000000000000000011012170000000000000000000000000000000000000001000051153343134MELQUISEDEQUE HIGINO                    ONOFRE PEREIRA DE MATOS                 00000000000 7980201100000                                                       000120
1AAA            AAB                            172312367      20170213 N B1211    00000000000002            0100000312362802170000000021500         KS210217000000000000000012002170000000000000000000000000000000000000001000044818904104NOEMI APARECIDA DE SOUZA JARA           BARNABE MINHOS                          00000000000 7982248500000                                                       000121
1AAA            AAB                            172312375      20170213 N B0211    00000000000002            0100000312373103170000000021500         KS240317000000000000000011003170000000000000000000000000000000000000001000044818904104NOEMI APARECIDA DE SOUZA JARA           BARNABE MINHOS                          00000000000 7982248500000                                                       000122
1AAA            AAB                            172312383      20170213 N B0311    00000000000002            0100000312383004170000000021500         KS230417000000000000000011004170000000000000000000000000000000000000001000044818904104NOEMI APARECIDA DE SOUZA JARA           BARNABE MINHOS                          00000000000 7982248500000                                                       000123
1AAA            AAB                            172312391      20170213 N B0411    00000000000002            0100000312393105170000000021500         KS240517000000000000000011005170000000000000000000000000000000000000001000044818904104NOEMI APARECIDA DE SOUZA JARA           BARNABE MINHOS                          00000000000 7982248500000                                                       000124
1AAA            AAB                            172312405      20170213 N B0511    00000000000002            0100000312403006170000000021500         KS230617000000000000000011006170000000000000000000000000000000000000001000044818904104NOEMI APARECIDA DE SOUZA JARA           BARNABE MINHOS                          00000000000 7982248500000                                                       000125
1AAA            AAB                            172312413      20170213 N B0611    00000000000002            0100000312413107170000000021500         KS240717000000000000000011007170000000000000000000000000000000000000001000044818904104NOEMI APARECIDA DE SOUZA JARA           BARNABE MINHOS                          00000000000 7982248500000                                                       000126
1AAA            AAB                            172312421      20170213 N B0711    00000000000002            0100000312423108170000000021500         KS240817000000000000000011008170000000000000000000000000000000000000001000044818904104NOEMI APARECIDA DE SOUZA JARA           BARNABE MINHOS                          00000000000 7982248500000                                                       000127
1AAA            AAB                            172312430      20170213 N B0811    00000000000002            0100000312433009170000000021500         KS230917000000000000000011009170000000000000000000000000000000000000001000044818904104NOEMI APARECIDA DE SOUZA JARA           BARNABE MINHOS                          00000000000 7982248500000                                                       000128
1AAA            AAB                            172312448      20170213 N B0911    00000000000002            0100000312443110170000000021500         KS241017000000000000000011010170000000000000000000000000000000000000001000044818904104NOEMI APARECIDA DE SOUZA JARA           BARNABE MINHOS                          00000000000 7982248500000                                                       000129
1AAA            AAB                            172312456      20170213 N B1011    00000000000002            0100000312453011170000000000000         KS231117000000000000000011011170000000000000000000000000000000000000001000044818904104NOEMI APARECIDA DE SOUZA JARA           BARNABE MINHOS                          00000000000 7982248500000                                                       000130
1AAA            AAB                            172312464      20170213 N B1111    00000000000002            0100000312463112170000000000000         KS241217000000000000000011012170000000000000000000000000000000000000001000044818904104NOEMI APARECIDA DE SOUZA JARA           BARNABE MINHOS                          00000000000 7982248500000                                                       000131
1AAA            AAB                            172311581      20170213 N B1211    00000000000002            0100000311582802170000000021500         KS210217000000000000000012002170000000000000000000000000000000000000001000006087977768HAMILTON JOSE RIGONATO                  CAFELANDIA                              00000000000 7981202000000                                                       000132
1AAA            AAB                            172311590      20170213 N B0211    00000000000002            0100000311593103170000000021500         KS240317000000000000000011003170000000000000000000000000000000000000001000006087977768HAMILTON JOSE RIGONATO                  CAFELANDIA                              00000000000 7981202000000                                                       000133
1AAA            AAB                            172311603      20170213 N B0311    00000000000002            0100000311603004170000000021500         KS230417000000000000000011004170000000000000000000000000000000000000001000006087977768HAMILTON JOSE RIGONATO                  CAFELANDIA                              00000000000 7981202000000                                                       000134
1AAA            AAB                            172311611      20170213 N B0411    00000000000002            0100000311613105170000000021500         KS240517000000000000000011005170000000000000000000000000000000000000001000006087977768HAMILTON JOSE RIGONATO                  CAFELANDIA                              00000000000 7981202000000                                                       000135
1AAA            AAB                            172311620      20170213 N B0511    00000000000002            0100000311623006170000000021500         KS230617000000000000000011006170000000000000000000000000000000000000001000006087977768HAMILTON JOSE RIGONATO                  CAFELANDIA                              00000000000 7981202000000                                                       000136
1AAA            AAB                            172311638      20170213 N B0611    00000000000002            0100000311633107170000000021500         KS240717000000000000000011007170000000000000000000000000000000000000001000006087977768HAMILTON JOSE RIGONATO                  CAFELANDIA                              00000000000 7981202000000                                                       000137
1AAA            AAB                            172311646      20170213 N B0711    00000000000002            0100000311643108170000000021500         KS240817000000000000000011008170000000000000000000000000000000000000001000006087977768HAMILTON JOSE RIGONATO                  CAFELANDIA                              00000000000 7981202000000                                                       000138
1AAA            AAB                            172311654      20170213 N B0811    00000000000002            0100000311653009170000000021500         KS230917000000000000000011009170000000000000000000000000000000000000001000006087977768HAMILTON JOSE RIGONATO                  CAFELANDIA                              00000000000 7981202000000                                                       000139
1AAA            AAB                            172311662      20170213 N B0911    00000000000002            0100000311663110170000000021500         KS241017000000000000000011010170000000000000000000000000000000000000001000006087977768HAMILTON JOSE RIGONATO                  CAFELANDIA                              00000000000 7981202000000                                                       000140
1AAA            AAB                            172311670      20170213 N B1011    00000000000002            0100000311673011170000000000000         KS231117000000000000000011011170000000000000000000000000000000000000001000006087977768HAMILTON JOSE RIGONATO                  CAFELANDIA                              00000000000 7981202000000                                                       000141
1AAA            AAB                            172311689      20170213 N B1111    00000000000002            0100000311683112170000000000000         KS241217000000000000000011012170000000000000000000000000000000000000001000006087977768HAMILTON JOSE RIGONATO                  CAFELANDIA                              00000000000 7981202000000                                                       000142
1AAA            AAB                            172312022      20170213 N B1211    00000000000002            0100000312022802170000000054925         KS210217000000000000000012002170000000001675000000000000000000000000001000013568044897MARCIA DENISE PEREIRA DE SANTANA        OLINDA PIRES DE ALMEIDA                 00000000000 7980000000000                                                       000143
1AAA            AAB                            172312030      20170213 N B0211    00000000000002            0100000312033103170000000054925         KS240317000000000000000011003170000000001675000000000000000000000000001000013568044897MARCIA DENISE PEREIRA DE SANTANA        OLINDA PIRES DE ALMEIDA                 00000000000 7980000000000                                                       000144
1AAA            AAB                            172312049      20170213 N B0311    00000000000002            0100000312043004170000000054925         KS230417000000000000000011004170000000001675000000000000000000000000001000013568044897MARCIA DENISE PEREIRA DE SANTANA        OLINDA PIRES DE ALMEIDA                 00000000000 7980000000000                                                       000145
1AAA            AAB                            172312057      20170213 N B0411    00000000000002            0100000312053105170000000054925         KS240517000000000000000011005170000000001675000000000000000000000000001000013568044897MARCIA DENISE PEREIRA DE SANTANA        OLINDA PIRES DE ALMEIDA                 00000000000 7980000000000                                                       000146
1AAA            AAB                            172312065      20170213 N B0511    00000000000002            0100000312063006170000000054925         KS230617000000000000000011006170000000001675000000000000000000000000001000013568044897MARCIA DENISE PEREIRA DE SANTANA        OLINDA PIRES DE ALMEIDA                 00000000000 7980000000000                                                       000147
1AAA            AAB                            172312073      20170213 N B0611    00000000000002            0100000312073107170000000054925         KS240717000000000000000011007170000000001675000000000000000000000000001000013568044897MARCIA DENISE PEREIRA DE SANTANA        OLINDA PIRES DE ALMEIDA                 00000000000 7980000000000                                                       000148
1AAA            AAB                            172312081      20170213 N B0711    00000000000002            0100000312083108170000000054925         KS240817000000000000000011008170000000001675000000000000000000000000001000013568044897MARCIA DENISE PEREIRA DE SANTANA        OLINDA PIRES DE ALMEIDA                 00000000000 7980000000000                                                       000149
1AAA            AAB                            172312090      20170213 N B0811    00000000000002            0100000312093009170000000054925         KS230917000000000000000011009170000000001675000000000000000000000000001000013568044897MARCIA DENISE PEREIRA DE SANTANA        OLINDA PIRES DE ALMEIDA                 00000000000 7980000000000                                                       000150
1AAA            AAB                            172312103      20170213 N B0911    00000000000002            0100000312103110170000000054925         KS241017000000000000000011010170000000001675000000000000000000000000001000013568044897MARCIA DENISE PEREIRA DE SANTANA        OLINDA PIRES DE ALMEIDA                 00000000000 7980000000000                                                       000151
1AAA            AAB                            172312111      20170213 N B1011    00000000000002            0100000312113011170000000033425         KS231117000000000000000011011170000000001675000000000000000000000000001000013568044897MARCIA DENISE PEREIRA DE SANTANA        OLINDA PIRES DE ALMEIDA                 00000000000 7980000000000                                                       000152
1AAA            AAB                            172312120      20170213 N B1111    00000000000002            0100000312123112170000000033425         KS241217000000000000000011012170000000001675000000000000000000000000001000013568044897MARCIA DENISE PEREIRA DE SANTANA        OLINDA PIRES DE ALMEIDA                 00000000000 7980000000000                                                       000153
1AAA            AAB                            172310690      20170213 N B1211    00000000000002            0100000310692802170000000054925         KS210217000000000000000012002170000000001675000000000000000000000000001000058230475172RICARDO AUGUSTO LINS DO NASCIMENTO      PALMEIRAS                               00000000000 7981002000000                                                       000154
1AAA            AAB                            172310704      20170213 N B0211    00000000000002            0100000310703103170000000054925         KS240317000000000000000011003170000000001675000000000000000000000000001000058230475172RICARDO AUGUSTO LINS DO NASCIMENTO      PALMEIRAS                               00000000000 7981002000000                                                       000155
1AAA            AAB                            172310712      20170213 N B0311    00000000000002            0100000310713004170000000054925         KS230417000000000000000011004170000000001675000000000000000000000000001000058230475172RICARDO AUGUSTO LINS DO NASCIMENTO      PALMEIRAS                               00000000000 7981002000000                                                       000156
1AAA            AAB                            172310720      20170213 N B0411    00000000000002            0100000310723105170000000054925         KS240517000000000000000011005170000000001675000000000000000000000000001000058230475172RICARDO AUGUSTO LINS DO NASCIMENTO      PALMEIRAS                               00000000000 7981002000000                                                       000157
1AAA            AAB                            172310739      20170213 N B0511    00000000000002            0100000310733006170000000054925         KS230617000000000000000011006170000000001675000000000000000000000000001000058230475172RICARDO AUGUSTO LINS DO NASCIMENTO      PALMEIRAS                               00000000000 7981002000000                                                       000158
1AAA            AAB                            172310747      20170213 N B0611    00000000000002            0100000310743107170000000054925         KS240717000000000000000011007170000000001675000000000000000000000000001000058230475172RICARDO AUGUSTO LINS DO NASCIMENTO      PALMEIRAS                               00000000000 7981002000000                                                       000159
1AAA            AAB                            172310755      20170213 N B0711    00000000000002            0100000310753108170000000054925         KS240817000000000000000011008170000000001675000000000000000000000000001000058230475172RICARDO AUGUSTO LINS DO NASCIMENTO      PALMEIRAS                               00000000000 7981002000000                                                       000160
1AAA            AAB                            172310763      20170213 N B0811    00000000000002            0100000310763009170000000054925         KS230917000000000000000011009170000000001675000000000000000000000000001000058230475172RICARDO AUGUSTO LINS DO NASCIMENTO      PALMEIRAS                               00000000000 7981002000000                                                       000161
1AAA            AAB                            172310771      20170213 N B0911    00000000000002            0100000310773110170000000054925         KS241017000000000000000011010170000000001675000000000000000000000000001000058230475172RICARDO AUGUSTO LINS DO NASCIMENTO      PALMEIRAS                               00000000000 7981002000000                                                       000162
1AAA            AAB                            172310780      20170213 N B1011    00000000000002            0100000310783011170000000033425         KS231117000000000000000011011170000000001675000000000000000000000000001000058230475172RICARDO AUGUSTO LINS DO NASCIMENTO      PALMEIRAS                               00000000000 7981002000000                                                       000163
1AAA            AAB                            172310798      20170213 N B1111    00000000000002            0100000310793112170000000033425         KS241217000000000000000011012170000000001675000000000000000000000000001000058230475172RICARDO AUGUSTO LINS DO NASCIMENTO      PALMEIRAS                               00000000000 7981002000000                                                       000164
1AAA            AAB                            172311131      20170213 N B1211    00000000000002            0100000311132802170000000064953         KS210217000000000000000012002170000000002178000000000000000000000000001000004144217876ANTONIO BELLATO GARCIA                  IGUASSU                                 00000000000 7982315000000                                                       000165
1AAA            AAB                            172311140      20170213 N B0211    00000000000002            0100000311143103170000000064953         KS240317000000000000000011003170000000002178000000000000000000000000001000004144217876ANTONIO BELLATO GARCIA                  IGUASSU                                 00000000000 7982315000000                                                       000166
1AAA            AAB                            172311158      20170213 N B0311    00000000000002            0100000311153004170000000064953         KS230417000000000000000011004170000000002178000000000000000000000000001000004144217876ANTONIO BELLATO GARCIA                  IGUASSU                                 00000000000 7982315000000                                                       000167
1AAA            AAB                            172311166      20170213 N B0411    00000000000002            0100000311163105170000000064953         KS240517000000000000000011005170000000002178000000000000000000000000001000004144217876ANTONIO BELLATO GARCIA                  IGUASSU                                 00000000000 7982315000000                                                       000168
1AAA            AAB                            172311174      20170213 N B0511    00000000000002            0100000311173006170000000064953         KS230617000000000000000011006170000000002178000000000000000000000000001000004144217876ANTONIO BELLATO GARCIA                  IGUASSU                                 00000000000 7982315000000                                                       000169
1AAA            AAB                            172311182      20170213 N B0611    00000000000002            0100000311183107170000000064953         KS240717000000000000000011007170000000002178000000000000000000000000001000004144217876ANTONIO BELLATO GARCIA                  IGUASSU                                 00000000000 7982315000000                                                       000170
1AAA            AAB                            172311190      20170213 N B0711    00000000000002            0100000311193108170000000064953         KS240817000000000000000011008170000000002178000000000000000000000000001000004144217876ANTONIO BELLATO GARCIA                  IGUASSU                                 00000000000 7982315000000                                                       000171
1AAA            AAB                            172311204      20170213 N B0811    00000000000002            0100000311203009170000000064953         KS230917000000000000000011009170000000002178000000000000000000000000001000004144217876ANTONIO BELLATO GARCIA                  IGUASSU                                 00000000000 7982315000000                                                       000172
1AAA            AAB                            172311212      20170213 N B0911    00000000000002            0100000311213110170000000064953         KS241017000000000000000011010170000000002178000000000000000000000000001000004144217876ANTONIO BELLATO GARCIA                  IGUASSU                                 00000000000 7982315000000                                                       000173
1AAA            AAB                            172311220      20170213 N B1011    00000000000002            0100000311223011170000000043453         KS231117000000000000000011011170000000002178000000000000000000000000001000004144217876ANTONIO BELLATO GARCIA                  IGUASSU                                 00000000000 7982315000000                                                       000174
1AAA            AAB                            172311239      20170213 N B1111    00000000000002            0100000311233112170000000043453         KS241217000000000000000011012170000000002178000000000000000000000000001000004144217876ANTONIO BELLATO GARCIA                  IGUASSU                                 00000000000 7982315000000                                                       000175
1AAA            AAB                            172310917      20170213 N B1211    00000000000002            0100000310912802170000000064953         KS210217000000000000000012002170000000002178000000000000000000000000001000004144217876ANTONIO BELLATO GARCIA                  IGUASSU                                 00000000000 7982315000000                                                       000176
1AAA            AAB                            172310925      20170213 N B0211    00000000000002            0100000310923103170000000064953         KS240317000000000000000011003170000000002178000000000000000000000000001000004144217876ANTONIO BELLATO GARCIA                  IGUASSU                                 00000000000 7982315000000                                                       000177
1AAA            AAB                            172310933      20170213 N B0311    00000000000002            0100000310933004170000000064953         KS230417000000000000000011004170000000002178000000000000000000000000001000004144217876ANTONIO BELLATO GARCIA                  IGUASSU                                 00000000000 7982315000000                                                       000178
1AAA            AAB                            172310941      20170213 N B0411    00000000000002            0100000310943105170000000064953         KS240517000000000000000011005170000000002178000000000000000000000000001000004144217876ANTONIO BELLATO GARCIA                  IGUASSU                                 00000000000 7982315000000                                                       000179
1AAA            AAB                            172310950      20170213 N B0511    00000000000002            0100000310953006170000000064953         KS230617000000000000000011006170000000002178000000000000000000000000001000004144217876ANTONIO BELLATO GARCIA                  IGUASSU                                 00000000000 7982315000000                                                       000180
1AAA            AAB                            172310968      20170213 N B0611    00000000000002            0100000310963107170000000064953         KS240717000000000000000011007170000000002178000000000000000000000000001000004144217876ANTONIO BELLATO GARCIA                  IGUASSU                                 00000000000 7982315000000                                                       000181
1AAA            AAB                            172310976      20170213 N B0711    00000000000002            0100000310973108170000000064953         KS240817000000000000000011008170000000002178000000000000000000000000001000004144217876ANTONIO BELLATO GARCIA                  IGUASSU                                 00000000000 7982315000000                                                       000182
1AAA            AAB                            172310984      20170213 N B0811    00000000000002            0100000310983009170000000064953         KS230917000000000000000011009170000000002178000000000000000000000000001000004144217876ANTONIO BELLATO GARCIA                  IGUASSU                                 00000000000 7982315000000                                                       000183
1AAA            AAB                            172310992      20170213 N B0911    00000000000002            0100000310993110170000000064953         KS241017000000000000000011010170000000002178000000000000000000000000001000004144217876ANTONIO BELLATO GARCIA                  IGUASSU                                 00000000000 7982315000000                                                       000184
1AAA            AAB                            172311000      20170213 N B1011    00000000000002            0100000311003011170000000043453         KS231117000000000000000011011170000000002178000000000000000000000000001000004144217876ANTONIO BELLATO GARCIA                  IGUASSU                                 00000000000 7982315000000                                                       000185
1AAA            AAB                            172311018      20170213 N B1111    00000000000002            0100000311013112170000000043453         KS241217000000000000000011012170000000002178000000000000000000000000001000004144217876ANTONIO BELLATO GARCIA                  IGUASSU                                 00000000000 7982315000000                                                       000186
1AAA            AAB                            172311697      20170213 N B1211    00000000000002            0100000311692802170000000021500         KS210217000000000000000012002170000000000000000000000000000000000000001000037665766072SINVAL VICENZI                          IZZAT BUSSUAN                           00000000000 7982610000000                                                       000187
1AAA            AAB                            172311700      20170213 N B0211    00000000000002            0100000311703103170000000021500         KS240317000000000000000011003170000000000000000000000000000000000000001000037665766072SINVAL VICENZI                          IZZAT BUSSUAN                           00000000000 7982610000000                                                       000188
1AAA            AAB                            172311719      20170213 N B0311    00000000000002            0100000311713004170000000021500         KS230417000000000000000011004170000000000000000000000000000000000000001000037665766072SINVAL VICENZI                          IZZAT BUSSUAN                           00000000000 7982610000000                                                       000189
1AAA            AAB                            172311727      20170213 N B0411    00000000000002            0100000311723105170000000021500         KS240517000000000000000011005170000000000000000000000000000000000000001000037665766072SINVAL VICENZI                          IZZAT BUSSUAN                           00000000000 7982610000000                                                       000190
1AAA            AAB                            172311735      20170213 N B0511    00000000000002            0100000311733006170000000021500         KS230617000000000000000011006170000000000000000000000000000000000000001000037665766072SINVAL VICENZI                          IZZAT BUSSUAN                           00000000000 7982610000000                                                       000191
1AAA            AAB                            172311743      20170213 N B0611    00000000000002            0100000311743107170000000021500         KS240717000000000000000011007170000000000000000000000000000000000000001000037665766072SINVAL VICENZI                          IZZAT BUSSUAN                           00000000000 7982610000000                                                       000192
1AAA            AAB                            172311751      20170213 N B0711    00000000000002            0100000311753108170000000021500         KS240817000000000000000011008170000000000000000000000000000000000000001000037665766072SINVAL VICENZI                          IZZAT BUSSUAN                           00000000000 7982610000000                                                       000193
1AAA            AAB                            172311760      20170213 N B0811    00000000000002            0100000311763009170000000021500         KS230917000000000000000011009170000000000000000000000000000000000000001000037665766072SINVAL VICENZI                          IZZAT BUSSUAN                           00000000000 7982610000000                                                       000194
1AAA            AAB                            172311778      20170213 N B0911    00000000000002            0100000311773110170000000021500         KS241017000000000000000011010170000000000000000000000000000000000000001000037665766072SINVAL VICENZI                          IZZAT BUSSUAN                           00000000000 7982610000000                                                       000195
1AAA            AAB                            172311786      20170213 N B1011    00000000000002            0100000311783011170000000000000         KS231117000000000000000011011170000000000000000000000000000000000000001000037665766072SINVAL VICENZI                          IZZAT BUSSUAN                           00000000000 7982610000000                                                       000196
1AAA            AAB                            172311794      20170213 N B1111    00000000000002            0100000311793112170000000000000         KS241217000000000000000011012170000000000000000000000000000000000000001000037665766072SINVAL VICENZI                          IZZAT BUSSUAN                           00000000000 7982610000000                                                       000197
1AAA            AAB                            172312472      20170213 N B1211    00000000000002            0100000312473101170000000021500         KS240117000000000000000011001170000000000000000000000000000000000000001000037005006020HENRIQUE CIVARDI                        WLADOMIRO DO AMARAL                     00000000000 7981402200000                                                       000198
1AAA            AAB                            172312480      20170213 N B0112    00000000000002            0100000312482802170000000021500         KS210217000000000000000012002170000000000000000000000000000000000000001000037005006020HENRIQUE CIVARDI                        WLADOMIRO DO AMARAL                     00000000000 7981402200000                                                       000199
1AAA            AAB                            172312499      20170213 N B0212    00000000000002            0100000312493103170000000021500         KS240317000000000000000011003170000000000000000000000000000000000000001000037005006020HENRIQUE CIVARDI                        WLADOMIRO DO AMARAL                     00000000000 7981402200000                                                       000200
1AAA            AAB                            172312502      20170213 N B0312    00000000000002            0100000312503004170000000021500         KS230417000000000000000011004170000000000000000000000000000000000000001000037005006020HENRIQUE CIVARDI                        WLADOMIRO DO AMARAL                     00000000000 7981402200000                                                       000201
1AAA            AAB                            172312510      20170213 N B0412    00000000000002            0100000312513105170000000021500         KS240517000000000000000011005170000000000000000000000000000000000000001000037005006020HENRIQUE CIVARDI                        WLADOMIRO DO AMARAL                     00000000000 7981402200000                                                       000202
1AAA            AAB                            172312529      20170213 N B0512    00000000000002            0100000312523006170000000021500         KS230617000000000000000011006170000000000000000000000000000000000000001000037005006020HENRIQUE CIVARDI                        WLADOMIRO DO AMARAL                     00000000000 7981402200000                                                       000203
1AAA            AAB                            172312537      20170213 N B0612    00000000000002            0100000312533107170000000021500         KS240717000000000000000011007170000000000000000000000000000000000000001000037005006020HENRIQUE CIVARDI                        WLADOMIRO DO AMARAL                     00000000000 7981402200000                                                       000204
1AAA            AAB                            172312545      20170213 N B0712    00000000000002            0100000312543108170000000021500         KS240817000000000000000011008170000000000000000000000000000000000000001000037005006020HENRIQUE CIVARDI                        WLADOMIRO DO AMARAL                     00000000000 7981402200000                                                       000205
1AAA            AAB                            172312553      20170213 N B0812    00000000000002            0100000312553009170000000021500         KS230917000000000000000011009170000000000000000000000000000000000000001000037005006020HENRIQUE CIVARDI                        WLADOMIRO DO AMARAL                     00000000000 7981402200000                                                       000206
1AAA            AAB                            172312561      20170213 N B0912    00000000000002            0100000312563110170000000021500         KS241017000000000000000011010170000000000000000000000000000000000000001000037005006020HENRIQUE CIVARDI                        WLADOMIRO DO AMARAL                     00000000000 7981402200000                                                       000207
1AAA            AAB                            172312570      20170213 N B1012    00000000000002            0100000312573011170000000000000         KS231117000000000000000011011170000000000000000000000000000000000000001000037005006020HENRIQUE CIVARDI                        WLADOMIRO DO AMARAL                     00000000000 7981402200000                                                       000208
1AAA            AAB                            172312588      20170213 N B1112    00000000000002            0100000312583112170000000000000         KS241217000000000000000011012170000000000000000000000000000000000000001000037005006020HENRIQUE CIVARDI                        WLADOMIRO DO AMARAL                     00000000000 7981402200000                                                       000209
1AAA            AAB                            172311468      20170213 N B1212    00000000000002            0100000311463101170000000074980         KS240117000000000000000011001170000000002680000000000000000000000000001000001774276984CELSO PINHEIRO DE SOUZA                 FRANCISCO MARTINS VIEGAS                00000000000 7982358000000                                                       000210
1AAA            AAB                            172311476      20170213 N B0112    00000000000002            0100000311472802170000000074980         KS210217000000000000000012002170000000002680000000000000000000000000001000001774276984CELSO PINHEIRO DE SOUZA                 FRANCISCO MARTINS VIEGAS                00000000000 7982358000000                                                       000211
1AAA            AAB                            172311484      20170213 N B0212    00000000000002            0100000311483103170000000074980         KS240317000000000000000011003170000000002680000000000000000000000000001000001774276984CELSO PINHEIRO DE SOUZA                 FRANCISCO MARTINS VIEGAS                00000000000 7982358000000                                                       000212
1AAA            AAB                            172311492      20170213 N B0312    00000000000002            0100000311493004170000000074980         KS230417000000000000000011004170000000002680000000000000000000000000001000001774276984CELSO PINHEIRO DE SOUZA                 FRANCISCO MARTINS VIEGAS                00000000000 7982358000000                                                       000213
1AAA            AAB                            172311506      20170213 N B0412    00000000000002            0100000311503105170000000074980         KS240517000000000000000011005170000000002680000000000000000000000000001000001774276984CELSO PINHEIRO DE SOUZA                 FRANCISCO MARTINS VIEGAS                00000000000 7982358000000                                                       000214
1AAA            AAB                            172311514      20170213 N B0512    00000000000002            0100000311513006170000000074980         KS230617000000000000000011006170000000002680000000000000000000000000001000001774276984CELSO PINHEIRO DE SOUZA                 FRANCISCO MARTINS VIEGAS                00000000000 7982358000000                                                       000215
1AAA            AAB                            172311522      20170213 N B0612    00000000000002            0100000311523107170000000074980         KS240717000000000000000011007170000000002680000000000000000000000000001000001774276984CELSO PINHEIRO DE SOUZA                 FRANCISCO MARTINS VIEGAS                00000000000 7982358000000                                                       000216
1AAA            AAB                            172311530      20170213 N B0712    00000000000002            0100000311533108170000000074980         KS240817000000000000000011008170000000002680000000000000000000000000001000001774276984CELSO PINHEIRO DE SOUZA                 FRANCISCO MARTINS VIEGAS                00000000000 7982358000000                                                       000217
1AAA            AAB                            172311549      20170213 N B0812    00000000000002            0100000311543009170000000074980         KS230917000000000000000011009170000000002680000000000000000000000000001000001774276984CELSO PINHEIRO DE SOUZA                 FRANCISCO MARTINS VIEGAS                00000000000 7982358000000                                                       000218
1AAA            AAB                            172311557      20170213 N B0912    00000000000002            0100000311553110170000000074980         KS241017000000000000000011010170000000002680000000000000000000000000001000001774276984CELSO PINHEIRO DE SOUZA                 FRANCISCO MARTINS VIEGAS                00000000000 7982358000000                                                       000219
1AAA            AAB                            172311565      20170213 N B1012    00000000000002            0100000311563011170000000053480         KS231117000000000000000011011170000000002680000000000000000000000000001000001774276984CELSO PINHEIRO DE SOUZA                 FRANCISCO MARTINS VIEGAS                00000000000 7982358000000                                                       000220
1AAA            AAB                            172311573      20170213 N B1112    00000000000002            0100000311573112170000000053480         KS241217000000000000000011012170000000002680000000000000000000000000001000001774276984CELSO PINHEIRO DE SOUZA                 FRANCISCO MARTINS VIEGAS                00000000000 7982358000000                                                       000221
1AAA            AAB                            172312138      20170213 N B1212    00000000000002            0100000312133101170000000021500         KS240117000000000000000011001170000000000000000000000000000000000000001000065391519187ALVARO SARAT BAREIRO                    PORTUGAL                                00000000000 7982662500000                                                       000222
1AAA            AAB                            172312146      20170213 N B0112    00000000000002            0100000312142802170000000021500         KS210217000000000000000012002170000000000000000000000000000000000000001000065391519187ALVARO SARAT BAREIRO                    PORTUGAL                                00000000000 7982662500000                                                       000223
1AAA            AAB                            172312154      20170213 N B0212    00000000000002            0100000312153103170000000021500         KS240317000000000000000011003170000000000000000000000000000000000000001000065391519187ALVARO SARAT BAREIRO                    PORTUGAL                                00000000000 7982662500000                                                       000224
1AAA            AAB                            172312162      20170213 N B0312    00000000000002            0100000312163004170000000021500         KS230417000000000000000011004170000000000000000000000000000000000000001000065391519187ALVARO SARAT BAREIRO                    PORTUGAL                                00000000000 7982662500000                                                       000225
1AAA            AAB                            172312170      20170213 N B0412    00000000000002            0100000312173105170000000021500         KS240517000000000000000011005170000000000000000000000000000000000000001000065391519187ALVARO SARAT BAREIRO                    PORTUGAL                                00000000000 7982662500000                                                       000226
1AAA            AAB                            172312189      20170213 N B0512    00000000000002            0100000312183006170000000021500         KS230617000000000000000011006170000000000000000000000000000000000000001000065391519187ALVARO SARAT BAREIRO                    PORTUGAL                                00000000000 7982662500000                                                       000227
1AAA            AAB                            172312197      20170213 N B0612    00000000000002            0100000312193107170000000021500         KS240717000000000000000011007170000000000000000000000000000000000000001000065391519187ALVARO SARAT BAREIRO                    PORTUGAL                                00000000000 7982662500000                                                       000228
1AAA            AAB                            172312200      20170213 N B0712    00000000000002            0100000312203108170000000021500         KS240817000000000000000011008170000000000000000000000000000000000000001000065391519187ALVARO SARAT BAREIRO                    PORTUGAL                                00000000000 7982662500000                                                       000229
1AAA            AAB                            172312219      20170213 N B0812    00000000000002            0100000312213009170000000021500         KS230917000000000000000011009170000000000000000000000000000000000000001000065391519187ALVARO SARAT BAREIRO                    PORTUGAL                                00000000000 7982662500000                                                       000230
1AAA            AAB                            172312227      20170213 N B0912    00000000000002            0100000312223110170000000021500         KS241017000000000000000011010170000000000000000000000000000000000000001000065391519187ALVARO SARAT BAREIRO                    PORTUGAL                                00000000000 7982662500000                                                       000231
1AAA            AAB                            172312235      20170213 N B1012    00000000000002            0100000312233011170000000000000         KS231117000000000000000011011170000000000000000000000000000000000000001000065391519187ALVARO SARAT BAREIRO                    PORTUGAL                                00000000000 7982662500000                                                       000232
1AAA            AAB                            172312243      20170213 N B1112    00000000000002            0100000312243112170000000000000         KS241217000000000000000011012170000000000000000000000000000000000000001000065391519187ALVARO SARAT BAREIRO                    PORTUGAL                                00000000000 7982662500000                                                       000233
1AAA            AAB                            172310470      20170213 N B1212    00000000000002            0100000310472802170000000068295         KS210217000000000000000012002170000000002345000000000000000000000000001000065245318172DENISE BARBOSA GOULART CLAUDINO         PROFESSOR JOSE DOS SANTOS               00000000000 7981455400000                                                       000234
1AAA            AAB                            172310488      20170213 N B0211    00000000000002            0100000310483103170000000068295         KS240317000000000000000011003170000000002345000000000000000000000000001000065245318172DENISE BARBOSA GOULART CLAUDINO         PROFESSOR JOSE DOS SANTOS               00000000000 7981455400000                                                       000235
1AAA            AAB                            172310496      20170213 N B0311    00000000000002            0100000310493004170000000068295         KS230417000000000000000011004170000000002345000000000000000000000000001000065245318172DENISE BARBOSA GOULART CLAUDINO         PROFESSOR JOSE DOS SANTOS               00000000000 7981455400000                                                       000236
1AAA            AAB                            172310500      20170213 N B0411    00000000000002            0100000310503105170000000068295         KS240517000000000000000011005170000000002345000000000000000000000000001000065245318172DENISE BARBOSA GOULART CLAUDINO         PROFESSOR JOSE DOS SANTOS               00000000000 7981455400000                                                       000237
1AAA            AAB                            172310518      20170213 N B0511    00000000000002            0100000310513006170000000068295         KS230617000000000000000011006170000000002345000000000000000000000000001000065245318172DENISE BARBOSA GOULART CLAUDINO         PROFESSOR JOSE DOS SANTOS               00000000000 7981455400000                                                       000238
1AAA            AAB                            172310526      20170213 N B0611    00000000000002            0100000310523107170000000068295         KS240717000000000000000011007170000000002345000000000000000000000000001000065245318172DENISE BARBOSA GOULART CLAUDINO         PROFESSOR JOSE DOS SANTOS               00000000000 7981455400000                                                       000239
1AAA            AAB                            172310534      20170213 N B0711    00000000000002            0100000310533108170000000068295         KS240817000000000000000011008170000000002345000000000000000000000000001000065245318172DENISE BARBOSA GOULART CLAUDINO         PROFESSOR JOSE DOS SANTOS               00000000000 7981455400000                                                       000240
1AAA            AAB                            172310542      20170213 N B0811    00000000000002            0100000310543009170000000068295         KS230917000000000000000011009170000000002345000000000000000000000000001000065245318172DENISE BARBOSA GOULART CLAUDINO         PROFESSOR JOSE DOS SANTOS               00000000000 7981455400000                                                       000241
1AAA            AAB                            172310550      20170213 N B0911    00000000000002            0100000310553110170000000068295         KS241017000000000000000011010170000000002345000000000000000000000000001000065245318172DENISE BARBOSA GOULART CLAUDINO         PROFESSOR JOSE DOS SANTOS               00000000000 7981455400000                                                       000242
1AAA            AAB                            172310569      20170213 N B1011    00000000000002            0100000310563011170000000046795         KS231117000000000000000011011170000000002345000000000000000000000000001000065245318172DENISE BARBOSA GOULART CLAUDINO         PROFESSOR JOSE DOS SANTOS               00000000000 7981455400000                                                       000243
1AAA            AAB                            172310577      20170213 N B1111    00000000000002            0100000310573112170000000046795         KS241217000000000000000011012170000000002345000000000000000000000000001000065245318172DENISE BARBOSA GOULART CLAUDINO         PROFESSOR JOSE DOS SANTOS               00000000000 7981455400000                                                       000244
9174826431                                                                                                                                                                                                                                                                                                                                                                                                000245
